2118 3308
712 314 850 349 0·ch
873 313 1115 347 -TfflERmM
1154 327 1158 332 -
1221 338 1227 344 .
1613 297 1674 353 [43

178 399 311 450 tinuo
337 398 542 460 plurima
575 397 844 461 incipientis
869 397 1045 445 Tiberii
1072 401 1194 457 acta,
1225 412 1284 443 ex
1309 394 1568 444 Annalibus
1595 400 1678 442 aut

175 512 267 543 non
288 497 403 544 satis
422 496 684 556 intellecta,
715 502 799 544 aut
830 495 1051 555 ridicula,
1091 494 1411 566 aut-improba
1438 507 1671 555 saevaque,

173 594 335 644 mirari
361 595 545 643 desines
570 600 617 643 et
658 595 900 658 indignari
926 611 937 642 ι
960 594 1255 642 mendaciine
1282 592 1523 640 Tiberium
1549 591 1676 638 danl-

173 693 390 749 naverim
419 694 518 756 qui,
552 694 911 741 cunctabundus
939 693 1092 740 adhuc
1119 692 1244 755 apud
1275 693 1442 740 Patres
1474 690 1532 737 de
1564 689 1683 738 reci--

170 793 343 857 pienda
367 794 479 841 talis
498 794 800 857 Principatus
826 794 964 853 mole,
992 793 1179 856 signum
1200 798 1359 840 tamen
1380 789 1676 854 praetorianis

169 896 216 939 et
222 890 356 954 jussa
369 892 669 951 exercitibus,
691 897 745 939 ut
760 893 1040 954 Imperator,
1054 890 1256 938 dederit¹
1272 891 1470 938 ?Nonne
1482 888 1677 936 decebat

170 1004 198 1036 a
223 990 344 1048 cive,
368 989 447 1051 qui
474 994 577 1036 tum
597 1005 807 1036 summus
832 995 952 1048 erat,
978 988 1121 1037 Urbis
1143 994 1191 1036 et
1208 988 1348 1037 Orbis
1366 1004 1545 1051 pacem,
1576 992 1675 1034 tam

167 1086 330 1135 multis
356 1087 773 1147 labefactantibus,
816 1089 977 1136 statim
1028 1086 1337 1135 confirmari?
1373 1087 1402 1136 J
1407 1102 1543 1134 amne
1580 1087 1675 1133 avi-

167 1186 254 1233 dus
271 1185 466 1233 infensae
487 1186 758 1249 tyrannidis
778 1185 1091 1248 judicabitur,
1133 1185 1215 1248 qui
1241 1185 1398 1232 otiosae
1422 1185 1674 1248 venalique

166 1284 331 1342 turbae,
381 1285 440 1331 ad
482 1300 624 1346 quam
662 1286 867 1347 turpiter
891 1285 1218 1333 demerendam
1241 1285 1484 1348 Augustus
1521 1301 1670 1347 nuper

168 1381 406 1429 damnosis
430 1383 765 1445 largitionibus
794 1399 900 1430 cum
925 1383 1185 1431 Nobilitate
1211 1385 1440 1443 certabat,
1474 1383 1553 1445 jus
1579 1384 1671 1431 suf-

166 1481 306 1544 fragii
340 1481 591 1530 abstulerit
611 1480 667 1528 ²?
697 1483 823 1531 Num
858 1481 1124 1544 abjectioris
1157 1483 1303 1530 animi
1336 1482 1575 1530 Tiberium
1603 1498 1671 1529 ar-

170 1580 370 1642 guerim,
412 1580 577 1628 titulos
609 1581 898 1643 honoresque
927 1586 1222 1644 respuentem
1253 1580 1297 1627 5?
1340 1581 1440 1627 Imo
1474 1586 1672 1628 noverat

169 1679 355 1725 subesse
382 1678 646 1725 adulationi
664 1679 823 1726 dolum
843 1695 855 1738 3
888 1679 953 1726 sic
977 1678 1160 1727 Julium
1183 1678 1371 1742 publico
1399 1679 1504 1726 odio
1529 1695 1672 1742 quon·

165 1778 274 1824 dam
300 1778 443 1824 fuisse
466 1795 491 1824 a
511 1778 732 1825 Patriciis
757 1778 990 1839 objectum
1005 1777 1042 1834 ⁴,
1074 1794 1157 1825 nec
1183 1778 1403 1840 expedire
1426 1783 1523 1824 tam
1549 1778 1671 1824 invi-

164 1876 348 1923 diosum
399 1876 641 1938 fastigium
677 1877 928 1935 obtinenti,
978 1876 1154 1923 civium
1193 1877 1374 1923 animos
1418 1876 1664 1938 splendore

147 1975 311 2022 nimio
338 1974 505 2022 laedere
534 1980 618 2022 aut
643 1975 832 2022 irritare
863 1991 872 2021 :
906 1975 1075 2022 idcirco
1095 1991 1203 2022 suas
1229 1975 1556 2038 occupationes
1581 1991 1670 2022 non

165 2071 357 2129 dictitas,
382 2071 462 2120 sed
482 2072 742 2132 laboriosas,
775 2073 1102 2135 appetentibus
1127 2074 1342 2121 eumdem
1363 2074 1516 2121 locum
1538 2080 1671 2137 optat

170 2170 320 2217 videri
340 2170 375 2217 5.
406 2170 663 2218 Militarem
689 2170 891 2233 denique
920 2177 1199 2234 apparatum
1228 2173 1363 2231 aulae,
1393 2189 1474 2235 per
1494 2174 1669 2221 Urbem

167 2274 214 2318 et
238 2269 288 2315 in
316 2269 501 2315 Palatio
520 2269 747 2331 explicari
779 2284 871 2315 non
896 2268 996 2330 jam
1022 2269 1182 2326 miror,
1210 2286 1361 2332 neque
1404 2276 1668 2334 suspectum

169 2366 400 2413 militibus
427 2372 540 2412 tunc
574 2366 717 2413 fuisse
751 2366 892 2413 istum
932 2368 1198 2427 Haterium,
1238 2369 1320 2431 qui
1348 2370 1667 2418 ambulantem

169 2463 292 2510 domi
319 2479 491 2510 novum
522 2463 788 2526 Principem
815 2464 997 2511 adierat
1035 2466 1345 2528 manibusque
1392 2468 1667 2529 impeditum

169 2562 496 2608 subverterat⁶
521 2577 530 2608 z
558 2562 683 2609 hunc
709 2562 941 2624 equidem,
975 2563 1012 2609 si
1042 2563 1227 2611 Tiberio
1254 2565 1387 2612 miles
1419 2566 1669 2629 advigilas-

224 2760 232 2780 ¹
257 2761 355 2800 Anu.
380 2761 404 2808 Ι,
424 2773 459 2812 7.
1007 2763 1020 2782 ⁵
1040 2765 1141 2803 Ann.
1180 2763 1226 2811 ΙΙ,
1265 2762 1330 2816 87.
1354 2787 1403 2793 -
1432 2765 1541 2805 Suet.
1585 2765 1667 2806 Tib.

224 2831 237 2851 ²
260 2832 358 2870 Ann.
383 2832 410 2879 l,
439 2830 496 2871 15‘.
951 2834 1110 2875 XXVII.

223 2902 237 2922 ⁵
262 2915 324 2941 ··2.
1003 2905 1017 2925 ⁶
1038 2906 1138 2947 Ann-
1160 2906 1187 2955 l,
1221 2907 1279 2947 13.

226 2972 239 2993 ⁴
262 2938 335 3013 bio
355 2974 466 3014 Cass.
484 2976 618 3027 XLIV,
637 2990 674 3030 p.
695 2975 784 3028 243,
805 2977 851 3015 D.
