2118 3308
753 283 891 318 CIROA
924 283 1154 318 T1BER1UM
1216 279 1220 282 ’
1645 282 1703 333 77

281 367 401 429 Ipsis
446 371 606 414 tamen
649 381 707 413 ex
751 367 1010 414 Annalibus
1052 364 1179 414 haud
1215 367 1448 429 integram
1489 366 1707 414 veritatis

218 466 468 526 imaginem
494 464 560 510 sic
584 464 716 511 reddi
743 464 965 526 conjicias
1002 482 1011 512 :
1049 466 1255 528 plurima
1282 481 1445 528 nempe
1467 464 1703 512 interdum

215 563 431 626 reperieS,
453 576 575 625 quae,
595 563 672 609 vel
690 562 842 609 invito
861 563 1100 626 scriptore,
1123 563 1444 611 demonstrent
1462 576 1706 626 nunquam

216 659 438 721 sejanum
454 660 578 722 apud
595 659 894 708 «devinctum
911 660 955 706 ¹»
973 661 1115 709 istum
1127 662 1364 710 Tiberium
1377 662 1491 709 adeo
1503 660 1706 724 viguisse

213 763 268 805 ut
278 757 398 805 nihil
409 757 555 805 solitae
570 757 839 805 diffidentiae
851 763 1015 805 contra
1035 758 1169 805 illum
1195 759 1446 806 «laborum
1461 758 1635 806 socium
1654 756 1703 803 2»

214 857 453 916 retineret,
482 856 654 902 nedum
674 871 826 918 pauca
851 856 1165 904 Vulsiniensis
1186 858 1330 904 verba
1353 857 1618 919 Principem
1648 855 1707 902 ad

215 956 360 1004 caedes
383 960 574 1018 repente
602 955 841 1017 impellere
878 970 961 1017 per
986 971 1032 1002 se
1057 955 1159 1017 ipsa
1186 955 1446 1002 valuissent
1461 954 1497 1002 5.
1540 956 1706 1002 Erum—

214 1059 339 1117 punt
374 1057 616 1116 praeterea,
660 1051 770 1098 licet
812 1052 869 1098 ab
910 1051 1130 1098 historico
1171 1058 1463 1114 premantur,
1509 1052 1709 1114 vestigia

215 1153 424 1201 odiorum
450 1152 503 1198 in
522 1151 759 1198 Tiberium
786 1166 1082 1198 accensorum
1102 1150 1485 1213 occultarumque
1519 1149 1710 1198 insidia·

197 1268 336 1313 rum,
366 1252 537 1315 quibus
563 1250 893 1297 damnatorum
918 1249 1129 1312 plerique
1150 1249 1404 1311 perniciem
1426 1249 1552 1295 ultro
1576 1264 1707 1295 suam

215 1354 603 1414 provocaverunt.
633 1348 662 1396 J
667 1353 780 1394 actae
806 1363 970 1410 nempe
992 1363 1019 1394 a
1046 1346 1215 1408 Sejano
1238 1347 1289 1394 in
1315 1347 1581 1395 Germanici
1597 1347 1709 1395 libe-

218 1465 291 1497 ros
317 1447 691 1496 insimulationes
716 1463 780 1494 eae
803 1452 914 1493 sunt
939 1462 1058 1509 quae,
1095 1446 1186 1493 nisi
1211 1462 1348 1505 verae,
1379 1446 1578 1508 proferri
1615 1461 1709 1493 non

217 1550 471 1610 poterant:
525 1545 796 1592 finxissetne
834 1545 1033 1591 callidus
1066 1544 1147 1591 ille
1184 1545 1459 1591 criminator
1495 1544 1712 1606 Agrippi·
1779 1554 1788 1564 ·

219 1660 327 1692 nam
352 1650 398 1692 et
416 1645 648 1696 Neronem
673 1629 831 1705 palam
856 1643 907 1689 in
932 1643 1067 1702 Foro,
1090 1643 1140 1689 in
1164 1643 1318 1690 media
1353 1643 1561 1689 civitatis
1586 1642 1707 1701 luce,

219 1743 420 1805 Augusti
445 1742 642 1803 effigiem
669 1741 931 1802 complexos
967 1739 1217 1798 adstitisse,
1253 1740 1508 1802 populique
1549 1755 1602 1785 ac
1635 1738 1714 1786 Se-

218 1846 357 1889 natus
380 1840 430 1887 in
454 1839 721 1901 Principem
743 1838 973 1885 auxilium
991 1836 1309 1884 invocavisse⁴
1326 1838 1348 1883 ’Β
1362 1838 1486 1884 Num
1499 1837 1712 1899 Togonii,

160 1958 170 1964 ·
217 1944 405 2002 propter
428 1937 635 2001 ignobile
662 1952 808 1999 genus
835 1952 862 1982 a
888 1936 1048 1983 Tacito
1073 1935 1234 1997 spreti,
1270 1935 1439 1982 relatio
1467 1935 1526 1981 ad
1551 1935 1715 1983 Patres

217 2037 274 2085 de
298 2036 541 2085 Senatoria
564 2035 775 2082 custodia
801 2032 1136 2081 circumdanda
1161 2033 1317 2095 potuit
1335 2032 1411 2080 edi
1438 2033 1512 2080 vel
1534 2033 1714 2094 excogi-

215 2136 331 2196 tari,
368 2135 498 2182 nullo
534 2138 732 2196 urgente
771 2130 1049 2194 periculo5?
1093 2131 1188 2179 Cur
1232 2131 1434 2194 denique
1480 2137 1713 2195 tyrannus

217 2235 304 2283 iste
350 2253 373 2280 (ε
400 2233 632 2296 trepidam
659 2232 749 2279 sibi
774 2231 922 2277 vitam
950 2248 972 2275 ))
1016 2229 1193 2277 fatetur
1240 2235 1286 2277 et
1330 2229 1388 2276 ad
1428 2230 1711 2278 horrendum

218 2333 337 2381 illud
366 2350 388 2378 c<
418 2331 631 2380 Caveant
653 2329 890 2377 consules!
923 2345 945 2373 >2
983 2327 1238 2390 aliquando
1263 2327 1549 2390 confugitss?

282 2534 399 2581 Eum
426 2531 603 2579 scilicet
620 2528 825 2576 mutavit
849 2542 941 2572 non
971 2524 1040 2585 Sej
1051 2525 1129 2571 ani
1155 2524 1361 2583 solertia,
1397 2540 1480 2572 nec
1519 2531 1708 2588 porten-

215 2639 367 2680 tosum
393 2630 513 2679 illud
542 2627 762 2691 nequitiae
793 2631 840 2673 et
865 2615 1101 2687 opprobrii
1133 2624 1397 2683 consilium,
1434 2624 1512 2671 sed
1545 2633 1703 2685 terror,

273 2802 281 2822 ¹
305 2802 404 2842 Ann.
423 2799 489 2849 IV,
511 2814 543 2839 1.
1049 2793 1064 2814 ⁴
1083 2794 1184 2835 Anu.
1207 2792 1273 2843 IV,
1293 2793 1358 2845 67.

271 2872 284 2892 ²
334 2903 342 2912 .
1051 2867 1063 2887 ⁵
1082 2866 1147 2915 Vl,
1170 2880 1207 2905 2.

271 2886 455 2994 ³12v‚40.
1053 2937 1066 2956 ⁶
1090 2936 1155 2986 w,
1181 2947 1245 2988 193
1267 2935 1333 2984 w,
1357 2935 1415 2974 15.
