2118 3308
666 289 804 324 cch
837 289 1067 323 TIBERIUM
1562 271 1622 336 67

129 376 384 440 identidem
419 376 516 424 illis
556 376 886 437 revisionibus,
933 380 1291 439 procuratorum
1324 388 1514 422 suorum
1551 371 1627 418 in-

128 474 358 522 dustriam
383 474 558 536 ubique
580 475 821 522 exacuisse
844 480 892 522 et
910 475 1031 522 vitia
1057 473 1337 521 cohibuisse.

196 574 364 624 Offecit
421 575 585 622 eadem
645 576 987 623 malevolentia
1040 574 1201 622 Tacito
1258 571 1489 620 scrutanti
1546 586 1630 618 cur

131 655 410 736 plerumque
455 673 668 720 homines
716 674 896 722 eosdem
950 673 1009 720 ad
1039 673 1178 720 finem
1220 672 1332 719 vitae
1377 671 1427 717 in
1464 670 1630 717 iisdem

131 771 416 818 exercitibus
445 777 528 818 aut
550 771 964 832 jurisdictionibus
988 771 1205 818 Tiberius
1229 769 1432 816 retinere
1465 768 1632 815 solitus

133 871 194 918 sit
222 887 233 918 ε
264 886 389 930 113111,
420 886 585 917 causas
620 870 732 917 dum
765 870 946 932 aggerit
982 868 1175 916 minime
1202 868 1482 927 laudabiles,
1519 867 1632 913 dum

135 968 194 1015 ad
217 968 558 1030 exquisitarum
583 968 929 1015 calumniarum
955 967 1262 1026 mentionem,
1293 966 1383 1013 tali
1409 965 1633 1028 scriptore

135 1065 326 1113 minime
369 1066 579 1127 dignam,
622 1065 911 1124 descendit',
951 1081 1113 1112 veram
1154 1080 1368 1124 causam,
1416 1063 1634 1126 quamvis

136 1163 434 1211 manifestam
454 1170 501 1211 et
526 1170 861 1224 occurrentem,
893 1180 986 1210 non
1012 1164 1159 1222 videt,
1188 1179 1281 1210 non
1318 1162 1503 1224 accipit,
1545 1162 1636 1208 sor-

141 1276 224 1307 san
243 1261 357 1323 quia
375 1261 617 1308 laudanda
641 1263 758 1308 erat.
795 1262 936 1308 Hunc
956 1262 1081 1308 enim
1104 1261 1303 1324 imperia
1323 1260 1634 1308 continuandi

141 1375 328 1419 morem,
362 1360 487 1422 apud
511 1377 596 1407 nos
622 1362 939 1407 instauratum
970 1376 997 1406 a
1019 1360 1134 1407 viris
1160 1359 1243 1422 qui
1265 1359 1490 1422 populum
1516 1374 1637 1406 acer-

144 1459 260 1505 rime
300 1464 463 1506 contra
500 1475 673 1521 paucos
706 1464 920 1522 potentes
951 1457 1242 1521 protexere2,
1279 1464 1512 1521 tyrannus
1550 1457 1636 1504 iste

146 1557 391 1616 servabat,
453 1573 540 1616 ne,
598 1558 765 1620 saepius
816 1559 1056 1605 renovatis
1092 1557 1381 1620 {praesidibus
1438 1573 1637 1620 quorum

106 1709 114 1715 ‚
142 1653 377 1716 rapacitas
397 1671 491 1701 non
514 1655 606 1702 nisi
629 1656 804 1702 satiata
838 1655 1125 1718 quiescebat,
1149 1661 1428 1703 vexatorum
1463 1655 1640 1718 expila-

141 1757 386 1814 torumque
410 1752 595 1799 tamdiu
620 1752 848 1799 sociorum
874 1753 1001 1800 mala
1028 1753 1128 1800 sine
1155 1753 1246 1801 fine
1265 1754 1637 1816 redintegraren-

141 1849 250 1898 tur⁵
279 1865 290 1897 ι
315 1851 403 1897 1100
427 1851 543 1913 ipse,
569 1851 767 1912 vulgata
787 1851 844 1898 de
863 1851 1029 1899 Saucio
1057 1868 1109 1898 ac
1135 1852 1310 1899 Muscis
1328 1851 1523 1911 fabella,
1542 1867 1638 1898 non

140 1948 281 1996 semel
306 1948 682 2010 significewerat‘⁴
725 1965 734 1996 :
777 1949 856 1996 sed
889 1949 998 1997 illas
1030 1950 1203 2012 direpti
1246 1950 1371 1996 orbis
1417 1949 1629 1997 miserias

143 2045 409 2105 historicus,
459 2046 677 2108 quamvis
710 2047 865 2093 animo
917 2063 1010 2094 non
1064 2048 1220 2095 minus
1257 2063 1399 2111 quam
1444 2047 1632 2109 ingenio

144 2143 373 2205 egregius,
403 2159 485 2204 pro
512 2143 608 2189 levi
635 2143 835 2205 pendere
860 2144 993 2191 solet.

208 2241 300 2287 Eas
324 2241 449 2288 enim
474 2240 656 2302 quoties
687 2241 933 2288 ulciscitur
954 2241 1186 2301 Tiberius,
1220 2241 1507 2303 judiciorum
1539 2243 1639 2291 illo·

145 2354 250 2386 rum
283 2338 560 2386 relationem
596 2339 662 2385 sic
694 2338 901 2401 disponit
935 2339 1264 2387 callidissimus
1294 2346 1528 2401 narrator,
1572 2341 1638 2388 sic

145 2441 390 2499 temperat,
431 2441 487 2482 ut
517 2435 664 2497 ipsius
702 2435 769 2481 rei
806 2436 980 2482 scelera
1012 2452 1103 2482 non
1130 2436 1318 2498 quidem
1352 2444 1491 2500 neget
1527 2438 1638 2502 (ple-

147 2549 342 2595 rumque
367 2533 490 2579 enim
519 2532 768 2579 manifesta
794 2532 967 2594 erant),
993 2539 1042 2579 at
1076 2533 1358 2595 legentibus,
1397 2540 1453 2582 ut
1480 2535 1549 2582 ita
1574 2535 1640 2582 di-

143 2728 152 2734 ·
203 2730 212 2750 ¹
237 2731 336 2769 Ann.
359 2730 386 2780 1,
406 2727 473 2769 80.
978 2728 993 2749 ³
1016 2728 1125 2768 Suet.
1151 2728 1235 2768 Tib.
1257 2728 1419 2770 xxxn.

202 2797 216 2818 ²
238 2791 448 2838 Testament
462 2797 650 2852 politique
666 2797 711 2838 (Ie
729 2796 858 2837 Re‘ehe-
980 2797 994 2818 ⁴
1015 2799 1224 2851 Josephus,
1254 2799 1395 2850 XVIII,
1415 2798 1454 2852 4.
1476 2823 1526 2830 -
1548 2800 1640 2842 Vid.

148 2869 239 2918 lieu,
272 2869 384 2922 chap.
416 2868 480 2917 IV,
516 2872 612 2909 sect.
648 2868 669 2920 :²5
690 2884 699 2918 3
721 2869 780 2908 ch.
810 2868 858 2918 V,
927 2870 1558 2924 etiamDionemCassium,LV11,
1579 2888 1642 2916 10.

149 2941 246 2977 sect.
268 2952 304 2978 2.
