2118 3308
517 331 574 376 58
1123 346 1181 377 DE
1216 344 1376 377 TAciro

514 425 777 487 prudentia,
827 426 1126 473 Germanicus
1168 427 1392 473 instinctu
1431 426 1629 489 quodam
1669 425 1851 484 bellico,
1898 425 1984 472 cle-

514 520 688 568 mentia
714 521 763 566 in
787 521 933 567 victos
957 536 1009 567 ac
1033 521 1159 569 felici
1181 521 1391 579 audacia,
1420 522 1754 570 inclaruerant.

578 711 786 772 Denique
812 712 1004 758 comitas
1028 711 1113 758 illa
1137 712 1348 769 curandi,
1379 728 1472 773 qua
1497 712 1628 759 sociis
1658 719 1705 760 et
1728 714 1981 774 provinciis

514 810 625 856 adeo
651 814 811 870 gratus
832 813 947 866 erat,
971 809 1151 855 Tiberio
1180 824 1328 870 neque
1355 808 1650 856 formidolosa
1679 826 1774 857 esse
1801 814 1983 871 poterat

512 921 594 953 nec
626 906 841 965 ingrata;
871 905 958 950 hac
976 905 1098 950 enim
1124 904 1342 966 aequitate
1376 920 1497 951 nova
1521 905 1752 952 Caesarum
1782 907 1981 953 auctori-

509 1007 582 1048 tas
606 1002 755 1063 prisco
783 1000 980 1047 Senatus
1005 1017 1058 1047 ac
1094 1001 1253 1063 populi
1285 1001 1477 1062 imperio
1507 1002 1826 1060 antecellebat,
1855 1002 1982 1064 iique

509 1113 656 1145 mores
679 1097 876 1143 recentis
907 1098 994 1144 aevi
1019 1098 1248 1145 institutis
1275 1099 1415 1144 robur
1452 1098 1698 1145 addebant.
1728 1099 1982 1147 Confitetur

508 1197 605 1258 ipse
628 1195 834 1253 TacitUS,
863 1195 1123 1256 compositis
1151 1211 1178 1241 a
1198 1194 1467 1242 Germanico
1493 1195 1696 1243 Orientis
1719 1197 1874 1256 rebus,
1901 1198 1981 1244 lae-

506 1292 670 1339 tiorem
693 1307 739 1338 se
763 1291 1012 1352 praebuisse
1037 1291 1271 1338 Tiberium
1304 1307 1416 1352 pace
1450 1291 1516 1338 sic
1549 1297 1686 1353 parta
1728 1310 1749 1337 ε(
1778 1308 1917 1355 quam
1941 1294 1981 1340 si

505 1388 679 1435 bellum
706 1403 786 1449 per
811 1388 929 1434 acies
954 1387 1224 1434 confecisset
1239 1386 1270 1432 ¹.
1296 1405 1318 1431 ³>
1336 1388 1454 1448 Ergo
1467 1387 1654 1447 juvenis
1674 1390 1979 1437 necessarium

507 1490 675 1531 cuncta
698 1485 876 1546 regenti
901 1484 1120 1531 offerebat
1143 1484 1415 1542 subsidium,
1460 1485 1589 1547 isque
1607 1486 1755 1533 socius
1775 1488 1977 1548 profecto

508 1594 599 1626 non
623 1580 776 1626 minus
798 1579 945 1637 utilis,
966 1579 1046 1625 sed
1066 1579 1220 1625 minus
1238 1579 1436 1640 perfidus
1455 1580 1618 1627 fuisset
1637 1597 1776 1643 quam
1797 1585 1978 1631 exstitit

512 1675 722 1736 Sejanus.

567 1871 778 1933 Denique
823 1872 948 1918 salus
983 1871 1187 1931 ejusdem
1233 1873 1445 1919 turbidas
1482 1873 1733 1920 multorum
1780 1878 1974 1932 mentes,

503 1968 800 2015 restituendae
825 1967 1055 2013 libertatis
1079 1967 1256 2026 avidas,
1286 1967 1336 2013 in
1362 1973 1542 2029 tempus
1564 1983 1642 2029 spe
1673 1969 1978 2016 blandissima

504 2064 795 2112 demulcebat
820 2078 830 2109 z
852 2078 974 2109 mors
999 2067 1177 2122 contra,
1200 2064 1510 2124 suspicionum
1530 2069 1576 2111 et
1592 2065 1800 2112 odiorum
1821 2067 1977 2127 ampla

504 2162 734 2219 materies,
762 2175 954 2207 uxorem
983 2159 1054 2206 sui
1080 2160 1379 2221 impotentem
1406 2177 1488 2208 nec
1515 2161 1615 2222 jam
1646 2178 1672 2208 a
1698 2163 1904 2224 sapiente
1929 2169 1977 2210 et

503 2258 670 2305 dilecto
697 2256 863 2302 marito
888 2255 1148 2312 fraenatam,
1172 2255 1289 2302 filios
1315 2271 1420 2302 mox
1447 2257 1645 2316 adultos,
1670 2258 1871 2306 militum
1897 2259 1998 2306 de-·

504 2354 644 2415 nique
671 2368 723 2399 ac
759 2352 1062 2399 familiarium
1088 2354 1291 2410 turbam,
1319 2352 1369 2399 in
1402 2353 1662 2415 Principem
1688 2361 1789 2402 erat
1821 2371 1974 2404 neces-

504 2451 623 2498 sario
645 2454 898 2496 armatura.
927 2449 1090 2496 Nonne
1115 2449 1259 2511 igitur
1283 2455 1475 2498 mortem
1499 2450 1760 2499 Germanici
1785 2458 1970 2514 patruo,

503 2564 639 2611 quem
670 2552 849 2609 patrem
881 2547 954 2593 illi
979 2547 1163 2609 adoptio
1189 2549 1376 2607 fecerat,
1411 2549 1532 2596 inter
1557 2549 1766 2607 adversa,
1804 2550 1972 2598 nedum

502 2659 734 2707 prospera,
757 2643 1034 2700 habendam,
1063 2649 1110 2690 et
1133 2644 1332 2691 maxime
1357 2645 1674 2707 periculosam,
1699 2646 1867 2694 nedum
1893 2663 1974 2710 op-

504 2746 769 2802 portunam,
799 2739 940 2786 fuisse
958 2740 1197 2786 fatendum
1224 2742 1328 2786 est?

559 2946 567 2966 ¹
592 2947 690 2985 Anu.
713 2947 757 2995 ll,
776 2944 841 2996 64.
