2118 3308
520 291 576 337 26
1119 304 1175 335 Dr:
1211 302 1372 335 TAcn‘o

517 386 734 441 traheret,
759 386 880 430 clare
903 384 1178 446 perspicient
1201 375 1476 446 quicumque
1490 382 1616 441 vitae,
1639 384 1712 429 vel
1735 388 1842 429 ante
1858 383 1984 430 Prin-

522 481 726 543 cipatum
775 480 886 526 adeo
935 481 1161 539 exercitae,
1205 496 1352 538 casus,
1396 480 1714 539 contumelias,
1759 479 1978 541 pericula,

520 591 662 637 usque
683 577 740 622 ad
763 581 954 623 mortem
973 576 1188 636 Augusti,
1218 577 1410 638 paulum
1432 576 1759 641 recensuerint.

579 671 707 718 Licet
744 671 1008 717 Venusinus
1044 677 1179 732 poeta
1205 689 1226 715 α
1256 677 1500 732 paternum
1538 671 1736 734 Augusti
1781 672 1984 718 animum

521 767 569 812 in
595 781 758 827 pueros
779 764 1008 812 Nerones¹
1059 783 1080 809 ))
1117 764 1382 825 jactaverit,
1423 766 1612 814 minime
1647 772 1859 829 acceptus
1898 767 1988 813 Au-

518 866 650 922 gusto
678 861 944 907 adoleverat
973 861 1021 906 in
1047 861 1230 906 Palatio
1253 876 1368 923 puer
1403 861 1532 908 illius
1563 862 1734 908 Tiberii
1773 862 1985 919 Neronis,

518 973 652 1018 quem
678 957 815 1004 Livia
837 958 1035 1018 priorem
1061 963 1331 1016 amaverat;
1359 959 1439 1021 qui
1471 960 1691 1007 solvenda
1714 961 1858 1006 Bruto
1879 960 1990 1007 Cas·

520 1053 692 1115 sioque,
720 1059 773 1099 ut
794 1053 1121 1116 tyrannicidiS,
1146 1055 1334 1116 praemia
1359 1061 1628 1113 censuerat;
1657 1057 1739 1117 qui
1767 1057 1820 1102 L.
1850 1057 1990 1103 Anto-

521 1148 665 1207 nium,
693 1165 800 1195 mox
826 1149 870 1195 S.
891 1149 1173 1210 Pompeium,
1200 1155 1400 1196 sectatus
1425 1155 1587 1197 contra
1608 1151 1872 1210 Octavium,
1902 1169 1991 1200 ser-

519 1261 599 1291 vos
623 1245 971 1307 Neapolitenses
997 1245 1055 1292 ad
1077 1245 1250 1307 pileum
1277 1251 1323 1291 et
1349 1246 1408 1292 ad
1433 1261 1562 1293 arma
1586 1246 1956 1295 convocaverat²
1976 1263 1988 1294 t

519 1342 607 1403 ipsi
637 1342 1160 1389 adolescentulcfdeerat
1185 1320 1378 1404 puerilis
1399 1343 1486 1389 illa
1510 1343 1741 1391 festivitas
1759 1360 1860 1406 quae
1877 1345 1995 1391 Dru-

521 1453 640 1496 sum,
670 1438 862 1485 fratrem
893 1438 1114 1485 minorem
1137 1443 1267 1496 natu,
1295 1439 1482 1485 videtur
1514 1439 1882 1486 commendasse:
1911 1439 1990 1486 sed

520 1536 783 1581 abstrusum
828 1534 1015 1596 ingenio
1057 1539 1103 1580 et
1140 1549 1345 1581 sermone
1361 1572 1374 1592 ,
1411 1534 1654 1596 illepidum
1702 1536 1855 1594 vultu,
1902 1536 1994 1597 ple-

520 1646 714 1693 rumque
753 1631 1063 1687 taciturnum,
1111 1630 1349 1692 Augustus
1395 1650 1417 1676 α
1445 1633 1661 1695 πρεσβὺτην
1689 1650 1711 1676 n
1757 1632 1995 1678 vocitabat

519 1728 749 1785 illudens;
803 1728 1050 1789 libertique
1069 1728 1246 1786 domus,
1286 1744 1393 1775 mox
1418 1728 1599 1787 famuli,
1627 1744 1732 1776 eum
1762 1745 1844 1791 pro
1877 1729 1996 1775 ludi·

522 1824 623 1870 brio
649 1824 818 1870 habere
836 1828 1186 1882 consueverant,
1223 1824 1427 1886 impune,
1469 1820 1584 1886 quia>
1604 1826 1829 1887 probante
1853 1825 1993 1871 domi-

532 1936 606 1966 no.
634 1921 708 1967 Sic
725 1919 895 1966 teneris
919 1920 976 1965 ab
1003 1919 1138 1965 annis
1172 1918 1366 1966 offensas
1384 1920 1646 1978 recondere,
1685 1920 1804 1966 clam
1827 1920 1991 1978 odisse,

530 2019 683 2076 irasci,
712 2022 931 2075 metuere,
958 2016 1168 2063 Tiberius
1195 2018 1449 2064 necessario
1473 2018 1715 2064 didicerat.

594 2115 816 2162 Maritum
858 2114 1070 2175 deinceps
1110 2114 1246 2175 longe
1287 2115 1548 2161 molestiora
1589 2115 1993 2173 conflictaverant,

530 2227 670 2274 quum
709 2210 999 2272 Vipsaniam,
1043 2210 1251 2271 Agrippa
1276 2210 1480 2271 genitam
1507 2215 1554 2256 et
1574 2209 1753 2256 Attici5
1792 2215 2005 2275 neptem,

530 2323 719 2355 uxorem
744 2307 832 2352 sibi
857 2306 1124 2353 concordem
1148 2312 1195 2353 et
1228 2306 1590 2363 dilectissimam,
1629 2306 1878 2364 dimittere,
1920 2322 2003 2353 nec

531 2406 630 2452 sine
666 2419 834 2465 magno
861 2419 1031 2465 angore
1067 2402 1260 2462 animi‘,
1309 2408 1494 2449 coactus
1541 2408 1625 2460 est,
1669 2408 2003 2465 exceptamque

534 2502 653 2548 vidit
678 2502 734 2547 ab
757 2500 918 2547 Asinio
943 2499 1095 2556 Gallo,
1120 2499 1339 2546 acerrimo
1355 2499 1426 2545 sui
1445 2499 1662 2556 derisore,
1686 2505 1732 2546 et
1751 2515 1886 2561 quem
1905 2515 2003 2562 pos-

532 2604 608 2645 tea
626 2599 749 2644 inter
773 2596 1006 2644 senatores
1029 2596 1230 2642 maxime
1251 2595 1481 2642 infensum
1503 2596 1686 2642 habuit.
1740 2595 1904 2653 Simul,
1953 2595 2001 2642 in

587 2770 595 2788 ¹
622 2741 782 2809 Odsw.
1360 2767 1374 2785 ⁵
1393 2766 1448 2805 ‚xd
1467 2779 1577 2816 quom
1595 2778 1730 2818 nempe
1748 2767 1895 2804 exstant
1913 2764 2005 2803 Tul-

586 2841 598 2861 '0'
622 2840 727 2879 Suel.
751 2839 813 2880 ΙΥ,
1231 2890 1237 2897 ·
1309 2837 1346 2878 lii
1369 2835 1556 2887 vpistolw.
1640 2827 1643 2833 ¹

1367 2904 1375 2926 ⁴
1399 2907 1505 2946 Suet,
1527 2905 1605 2947 Vn.
