2118 3308
835 270 972 304 cmoA
1006 270 1237 304 TfflEmUM
1727 256 1788 320 93

290 352 366 401 vel
391 358 606 417 exempto
637 353 722 402 illo
757 355 1028 418 tyrannidis
1065 372 1120 404 ac
1154 355 1407 419 pravitatis
1434 355 1645 416 consilio,
1676 354 1791 402 satis

281 449 384 513 jam
419 451 673 500 sceleribus
711 450 1060 516 ac‘opprobriis
1091 453 1267 501 referta
1292 458 1379 514 est,
1409 457 1466 500 ut
1490 468 1639 500 novas
1663 452 1791 500 rilluc

287 551 444 599 sordes
458 566 735 599 coacervare
753 551 969 612 historia,
991 568 1086 601 suae
1107 553 1273 600 saltem
1291 552 1540 615 dignitatis
1555 556 1786 615 respectU,

287 647 530 697 vereatur¹
554 648 578 696 ?

351 743 599 807 Caeterum,
637 751 896 810 utcumque
927 762 976 795 se
1006 762 1063 795 ea
1096 763 1170 795 res
1205 747 1391 808 habuit,
1415 752 1548 811 patet
1582 747 1698 811 ipsis
1732 763 1792 796 ex

286 843 544 894 Annalibus
571 845 830 906 Tiberium,
859 861 943 909 per
973 845 1082 893 illos
1108 845 1302 894 infamis
1338 847 1594 894 senectutis
1621 862 1787 906 annos,

285 945 478 994 minime
500 945 855 1009 tranquillitate
878 945 1025 993 animi
1043 961 1198 1006 usum,
1229 961 1371 1009 quam
1392 946 1666 994 retinuisset
1690 962 1792 1009 pro-

284 1043 422 1104 fecto,
447 1044 487 1091 si
511 1044 840 1091 tantummodo
864 1048 1046 1091 naturae
1069 1044 1286 1091 funditus
1305 1059 1535 1107 perversae
1561 1045 1793 1107 obtempe-

285 1145 433 1189 rasset
461 1157 600 1205 seque
635 1141 735 1204 ipse
768 1141 980 1189 consulto
1007 1142 1305 1204 inquinasset
1334 1158 1344 1189 :
1372 1147 1420 1190 at
1439 1143 1597 1202 miser,
1628 1158 1790 1205 quem—

286 1241 537 1290 admodum
581 1256 629 1288 se
670 1240 964 1303 pessumdari
998 1245 1345 1303 praemetuerat,
1398 1241 1467 1287 ita
1499 1256 1547 1288 se
1581 1257 1790 1304 pessum-

284 1340 449 1388 datum
475 1338 720 1387 exhorruit
746 1354 831 1386 nec
855 1338 977 1386 ferre
1000 1339 1173 1401 potuit.

347 1438 497 1487 Testis
521 1443 592 1486 est
627 1437 829 1500 insignis
857 1437 944 1485 illa
980 1437 1157 1485 exsulis
1184 1437 1420 1500 Capreani
1464 1436 1524 1485 ad
1563 1438 1790 1486 Senatum

282 1531 510 1602 epistola,
556 1553 698 1600 quam
738 1535 928 1584 Tacitus
981 1536 1326 1600 Suetoniusque
1373 1538 1509 1584 ambo
1559 1553 1790 1585 memora-

284 1634 425 1684 vere2
455 1651 465 1683 :
510 1636 611 1695 illa,
653 1635 766 1682 dum
799 1634 1016 1682 Tiberius
1059 1636 1156 1698 ipse
1192 1635 1504 1683 dilaceratum
1543 1637 1792 1683 tormentis

284 1752 420 1784 suum
458 1741 622 1799 pectus
656 1735 877 1794 reclu‘dit,
916 1735 1122 1798 dumque
1148 1749 1329 1798 poenas,
1361 1751 1478 1798 quas
1503 1735 1683 1783 dudum
1716 1736 1791 1784 in-

283 1834 402 1882 tima
431 1834 481 1881 in
513 1832 800 1880 conscientia
830 1832 1061 1892 solvebat,
1094 1832 1143 1878 in
1168 1832 1337 1892 lucem,
1368 1838 1599 1895 tanquam
1626 1833 1789 1881 divino

283 1932 487 1997 quodam
516 1932 745 1979 instinctu
769 1935 976 1990 coactus,
1005 1930 1202 1993 profert,
1229 1935 1550 1993 portentosam
1575 1932 1709 1980 illam
1738 1949 1791 1981 ac

282 2031 603 2080 voluntariam
649 2030 995 2079 immanitatem
1012 2068 1026 2091 ,
1078 2046 1221 2093 quam
1263 2032 1467 2079 Annales
1514 2032 1785 2095 depinxere,

281 2128 517 2179 mendacii
542 2128 771 2191 coarguit.

344 2228 487 2278 Nullo
520 2243 709 2291 prorsus
746 2227 1132 2291 philosophorum
1168 2227 1346 2288 libello,
1385 2229 1676 2277 luculentius
1718 2236 1789 2276 est

281 2341 491 2391 unquam
523 2327 877 2389 comprobatum
913 2325 1081 2385 inesse,
1112 2326 1189 2373 vel
1211 2327 1410 2389 pessimo
1441 2326 1626 2389 cuique,
1655 2343 1786 2374 men-

279 2433 374 2475 tem
407 2426 521 2474 boni
555 2425 764 2489 malique
789 2424 1136 2487 intelligentem
1171 2441 1274 2488 quae
1304 2441 1454 2489 usque
1488 2433 1782 2489 permaneat,

278 2524 427 2572 inesse
453 2540 613 2592 vocem
634 2524 889 2587 quamdam
909 2523 1127 2572 ultricem
1152 2540 1294 2586 quam
1321 2540 1455 2572 nemo
1483 2527 1780 2588 oppresserit,

281 2637 413 2670 nemo
440 2623 629 2670 omnino
656 2623 933 2684 corruperit.
965 2622 1033 2669 Ea
1067 2622 1273 2684 profecto
1302 2639 1412 2670 voce
1439 2623 1672 2671 excitatus
1705 2625 1740 2671 T
1747 2624 1784 2670 i-

334 2803 343 2825 ¹
368 2804 559 2856 Voltaire,
581 2803 681 2845 Note
693 2805 806 2846 surle
827 2803 895 2844 14⁶
909 2802 997 2844 cha·
1119 2804 1134 2824 ²
1154 2804 1254 2844 Ann.
1291 2801 1358 2853 VI,
1394 2790 1433 2842 6'.
1465 2826 1514 2832 -
1545 2803 1655 2843 Suet.
1692 2803 1726 2843 T
1725 2803 1776 2844 ib.

276 2876 380 2930 pz'tre
415 2876 468 2917 du
501 2886 566 2918 ΧΨ
603 2876 718 2917 Livre
743 2875 790 2916 de
818 2875 994 2929 I’Esprit
1064 2874 1218 2915 LXVII.

277 2946 341 2987 des
362 2946 466 2987 Lais.
