2118 3308
691 266 826 300 cinci
859 266 1087 298 Tlssnfflmt
1586 253 1644 298 25

147 355 194 397 et
208 349 570 398 administrandi
584 349 836 408 calliditas,
860 350 1169 414 quae‘quidem
1186 366 1291 397 cum
1309 351 1498 398 feritate
1515 352 1643 398 indo·-

144 449 202 497 lis
229 448 821 511 aliquando'conveniunt;
869 449 948 496 sed
974 449 1180 511 plurima
1204 448 1352 495 animi
1372 449 1570 496 humani
1597 454 1644 496 et

143 547 267 595 circa
284 546 556 619 domesticos
576 547 768 594 affectus
787 546 1143 609 flagrantissimi
1160 546 1337 594 indicia
1352 547 1637 609 protulerat:
1696 584 1701 589 .

142 650 325 694 constat
364 644 488 695 enim
531 645 621 704 illi,
668 645 861 693 ineunte
901 645 1244 704 adolescentia,
1287 645 1640 693 dilectissimum

141 744 284 792 fuisse
306 743 601 803 Marcellum,
638 743 848 791 Octaviae
867 744 1034 803 filium,
1064 744 1146 805 qui
1169 746 1334 791 acerbo
1353 743 1641 806 interceptus

139 842 320 901 funere,
352 858 379 891 a
404 841 605 903 Virgilio
626 841 976 889 immortalitati
997 842 1350 889 commendatus
1375 841 1478 889 est¹
1508 858 1518 889 :
1563 843 1642 890 sed

138 940 392 1004 praesertim
415 940 611 988 fratrem
637 956 791 999 suum,
821 941 1043 999 Drusum,
1068 942 1265 1003 egregiae
1289 940 1341 988 in
1375 942 1560 988 Rhaetos
1588 958 1642 988 ac

139 1038 420 1097 Vindelicos,
442 1038 624 1086 militiae
638 1055 779 1102 quam
794 1039 988 1086 Flaccus
1012 1039 1268 1087 celebravit
1277 1038 1313 1099 2,
1337 1040 1631 1103 participem,

137 1137 354 1201 praesigni
378 1137 576 1186 caritate
601 1139 746 1186 coluit
767 1155 776 1186 :
801 1155 907 1187 eum
927 1139 1121 1198 scilicet,
1152 1139 1414 1187 Germaniae
1445 1139 1637 1201 legioni-

136 1238 223 1286 bus
258 1237 584 1300 imperantem,
631 1243 857 1300 aegrotare
893 1239 1213 1302 supremisque
1249 1239 1350 1301 jam
1396 1239 1635 1287 admoveri

136 1336 219 1385 vix
245 1337 423 1397 audito,
470 1338 701 1397 Tiberius,
742 1338 904 1386 relicta
953 1339 1081 1386 Urbe
1122 1339 1416 1402 AEpibusque
1459 1339 1634 1402 raptim

134 1436 380 1499 superatis,
421 1453 563 1500 prope
588 1437 855 1485 incredibili
893 1453 1004 1485 usus
1028 1438 1284 1497 celeritate,
1315 1438 1428 1485 adeo
1458 1442 1514 1485 ut
1552 1438 1635 1485 du-

133 1550 248 1582 cena
272 1534 424 1581 millia
446 1550 544 1582 una
563 1535 638 1582 die
661 1534 722 1581 sit
741 1550 971 1593 emensuS,
992 1536 1214 1582 ultimum
1233 1536 1396 1583 fratris
1414 1536 1632 1599 spiritum

132 1632 324 1697 excipit,
349 1637 396 1680 et
418 1648 599 1696 corpus,
627 1634 824 1697 pedibus
849 1639 947 1681 toto
985 1634 1154 1681 itinere
1177 1635 1275 1697 ipse
1298 1634 1627 1697 praegrediens,

133 1734 324 1781 Romam
367 1733 612 1796 pervehit:
662 1733 882 1779 amissum
924 1748 1007 1795 pro
1043 1732 1221 1779 Rostris
1265 1732 1448 1792 laudat,
1491 1732 1631 1779 sicuti

125 1832 226 1894 jam
265 1837 446 1896 patrem
480 1826 633 1891 suum,
675 1847 850 1879 nonum
891 1847 1066 1879 annum
1107 1847 1264 1894 agens,
1311 1832 1625 1889 laudaverat3

131 1930 303 1993 vixque
352 1930 515 1993 paucis
538 1930 597 1977 ad
615 1931 818 1993 quietem
841 1929 1093 1992 insumptis
1114 1930 1296 1988 diebus,
1322 1931 1493 1977 iterum
1512 1929 1629 1977 Rhe-

131 2044 243 2076 num
271 2028 478 2086 advolat,
525 2028 736 2075 defuncti
760 2032 862 2073 tum
897 2028 1047 2074 vicem
1091 2028 1381 2090 expleturus,
1424 2032 1526 2074 tum
1567 2028 1625 2073 ab

129 2128 260 2175 hoste
300 2135 603 2189 expressurus
644 2126 871 2173 ultionem
889 2125 924 2171 5.
968 2125 1114 2186 Cujus
1156 2125 1346 2188 pietatis
1383 2125 1626 2188 praemium

128 2227 344 2289 deinceps
367 2225 496 2284 tulit,
527 2240 688 2287 quum,
719 2224 769 2271 in
806 2224 902 2270 suis
926 2222 1118 2286 Capreis
1139 2224 1365 2283 inclusus,
1409 2225 1626 2271 Antoniae

132 2326 253 2390 (quae
292 2325 435 2373 Drusi
467 2340 587 2371 uxor
627 2322 800 2386 fuerat)
867 2323 1065 2385 epistola
1103 2322 1325 2384 Sejanum
1369 2339 1443 2370 res
1480 2338 1626 2370 novas

128 2423 283 2471 moliri
303 2421 605 2486 praemonitus
630 2426 715 2480 est,
738 2436 883 2482 eoque
908 2420 1080 2467 indicio
1107 2426 1337 2468 servatus.

192 2523 308 2570 Erat
342 2521 492 2584 igitur
515 2519 699 2567 Tiberio
736 2519 917 2566 indoles
951 2519 1109 2581 probis
1148 2518 1390 2566 affectibus
1430 2519 1624 2568 minime

130 2619 396 2667 abhorrens.
429 2618 580 2674 Quam
608 2632 717 2663 vero
743 2615 934 2663 difficile
961 2615 1106 2663 fuerit
1128 2615 1243 2678 quin
1266 2617 1430 2679 primis
1462 2618 1621 2665 statim

130 2719 187 2765 ab
217 2711 352 2764 annis
371 2716 730 2764 exacerbaretur
753 2718 800 2762 et
824 2713 1004 2776 aliquid
1028 2712 1270 2760 horridum
1293 2730 1345 2761 ac
1363 2714 1497 2775 triste
1519 2731 1623 2762 con—

187 2883 193 2902 ¹
218 2886 326 2925 Suel.
348 2886 412 2925 w.
909 2920 911 2922 .
970 2886 984 2906 ³
1004 2887 1111 2926 Suel.
1137 2884 1219 2934 VH,
1240 2882 1278 2925 (ἰ.

183 2954 196 2974 ²
218 2954 393 2996 odarum
415 2955 478 2995 lx'.
