2118 3308
731 248 867 281 cchA
903 249 1133 280 TIBERIUM
1627 232 1683 278 23

190 334 266 382 nio
292 340 572 398 represserat
597 349 702 381 cum
724 332 917 380 minimo
938 331 1170 380 exercitus
1191 333 1264 379 sui
1282 332 1578 390 detrimento,
1605 332 1684 378 sed

189 433 380 482 minime
404 433 494 481 sibi
518 448 744 496 parcens:
773 447 991 495 namque,
1020 447 1103 494 per
1121 431 1397 494 asperrimos
1415 410 1685 493 saepe'men—

189 548 285 591 seS‚
321 531 420 580 sine
460 531 662 579 tentorio
699 531 879 578 solebat
911 534 1205 594 pernoctare,
1249 529 1299 576 in
1345 529 1472 576 nudo
1514 528 1688 592 cespite

190 629 344 676 cibum
368 644 548 691 capere,
576 628 763 691 singula
782 628 1018 691 sequentis
1038 628 1132 675 diei
1150 633 1383 691 praecepta
1400 644 1484 690 per
1503 627 1688 675 libellos

189 729 287 791 ipse
311 728 440 787 dare,
471 744 609 791 seque
636 729 971 776 consulendum
991 726 1286 791 quacumque
1305 728 1381 774 vel
1399 723 1549 774 noctis
1568 727 1688 773 hora

189 825 404 874 omnibus
427 826 554 873 ultro
573 828 794 888 praebere.
826 827 901 874 Sic
925 830 1054 889 gesto
1075 825 1352 888 gravissimo
1388 830 1688 873 externorum

188 924 416 972 bellorum
458 929 562 986 post
602 923 783 971 Punica
818 923 960 982 bello,
1005 923 1118 970 adeo
1160 922 1431 970 tremendus
1469 923 1688 969 barbaris

186 1022 464 1080 habebatur,
493 1028 549 1068 ut
574 1022 827 1069 Bructerus
848 1021 1059 1084 quidam,
1095 1013 1203 1082 ejus*
1228 1021 1469 1069 occidendi
1497 1022 1682 1080 avidus,

186 1138 330 1185 quum
349 1121 399 1168 in
419 1126 574 1169 castra
591 1122 802 1168 Romana
823 1120 944 1167 clam
962 1120 1198 1183 ingressus
1214 1124 1334 1167 esset
1346 1119 1541 1183 jamque
1559 1120 1684 1168 inter

186 1222 421 1284 proximos
439 1221 547 1268 duci
567 1225 851 1279 versaretur,
873 1219 1190 1282 trepidatione
1209 1219 1308 1282 ipse
1328 1235 1375 1266 se
1406 1219 1685 1281 prodiderit.

187 1320 383 1368 Romani
402 1319 639 1367 Tiberium
663 1318 869 1381 Scipioni
889 1318 1115 1365 Africano
1134 1318 1405 1380 aequabant,
1428 1333 1512 1365 nec
1532 1316 1689 1364 minus

186 1435 328 1482 quam
345 1419 583 1466 Annibale
608 1419 801 1481 depulso
821 1418 1135 1464 laetabantur:
1167 1418 1249 1465 ille
1280 1422 1439 1465 tamen
1475 1418 1688 1465 oblatum

184 1517 478 1579 triumphum
498 1517 580 1564 diu
600 1516 866 1575 distulerat,
891 1520 938 1563 et
956 1515 1148 1562 tandem
1171 1516 1345 1578 recepti
1376 1517 1556 1578 legatos
1582 1531 1691 1562 suos

120 1662 132 1664 ,
185 1615 438 1678 participes
497 1631 593 1662 esse
660 1615 892 1661 voluerat.
937 1613 1087 1678 Atqui
1131 1619 1332 1661 strenuae
1375 1615 1691 1677 modestaeque

185 1714 260 1761 illi
305 1713 518 1774 juventae
566 1730 587 1758 c(
628 1717 868 1774 congestos
903 1711 1168 1774 triumphos
1205 1730 1227 1757 »
1267 1713 1459 1760 Tacitus
1498 1712 1692 1760 videtur

186 1812 542 1875 exprobravisse
554 1811 564 1841 ¹
577 1849 586 1858 .

251 1912 350 1959 Imo
370 1911 557 1958 solitam
583 1911 867 1972 gravitatem
901 1910 985 1957 vix
1009 1910 1224 1972 retinuit,
1271 1902 1459 1960 futilem
1498 1929 1690 1975 prorsus

187 2010 472 2057 calumniam
493 2025 734 2067 enarrans,
755 2025 850 2072 qua
872 2009 1086 2057 Tiberius
1107 2009 1348 2058 ferebatur
1366 2011 1469 2074 ipsa
1487 2013 1544 2058 ob
1568 2012 1690 2059 vitia

188 2109 384 2156 selectus
421 2110 479 2155 ab
514 2110 745 2171 Augusto,
785 2109 867 2170 qui
907 2109 1105 2171 gloriam
1146 2109 1236 2156 sibi
1268 2126 1351 2172 per
1386 2110 1687 2159 deterrimam

187 2208 579 2271 comparationem
609 2205 958 2270 quaesivisset2:
1004 2208 1081 2255 cui
1106 2208 1349 2256 mendacio
1387 2210 1688 2258 vehementer

187 2307 467 2354 contradicit
481 2307 746 2365 Suetonius,
766 2306 911 2353 studii
930 2322 1014 2369 pro
1033 2307 1296 2354 Caesaribus
1311 2324 1365 2355 ac
1383 2308 1689 2371 singulariter

186 2421 270 2467 pro
294 2404 478 2452 Tiberio
501 2405 693 2451 minime
715 2403 1004 2466 suspectus?
1033 2405 1214 2467 Nempe
1237 2406 1480 2454 existimat
1507 2408 1690 2471 Augus-

188 2508 306 2562 tum,
337 2503 467 2550 vitiis
489 2519 542 2549 ac
566 2503 827 2550 virtutibus
850 2502 1060 2565 privigni
1082 2504 1337 2566 perpensiS,
1366 2505 1452 2552 has
1486 2506 1688 2569 potiores

245 2702 254 2722 ¹
275 2704 384 2744 Suet.
408 2701 597 2752 Tiberius,
616 2704 681 2752 IX,
698 2703 895 2742 XVI-XX.
971 2716 1011 2756 p.
1034 2700 1123 2743 585.
1143 2726 1196 2748 ,-
1216 2703 1319 2743 Edit.
1347 2704 1545 2754 Hanoviae,
1571 2703 1685 2745 1606.

191 2775 292 2814 vell.
311 2776 464 2823 Patere,
486 2774 584 2814 nist.
605 2775 715 2814 Rom.
739 2775 783 2817 ΙΙ,
812 2789 897 2826 ¹09-
1029 2773 1042 2792 ²
1064 2773 1162 2813 Ann.
1189 2788 1304 2814 1—10.

191 2845 266 2885 Dio
297 2845 470 2887 Cassius,
493 2846 558 2884 lib.
580 2847 659 2887 ΙΝ,
683 2860 719 2898 p.
747 2846 816 2897 3457
850 2847 896 2884 m!
1031 2846 1044 2863 ⁷·
1068 2846 1289 2897 SuotTib„
1313 2849 1413 2891 xxi.

194 2916 307 2958 finem
329 2916 430 2965 libri,
458 2917 553 2963 Lw,
583 2930 619 2970 p.
650 2915 835 2970 579—582
864 2924 900 2957 et
