2118 3308
486 344 511 383 ⁸
975 327 978 330 ⁴
1097 359 1154 390 m:
1188 357 1350 391 mciro

483 454 582 484 rum
610 444 760 495 curm,
790 439 997 485 homines
1021 455 1177 498 novos,
1226 457 1250 486 e
1276 441 1540 502 municipiis
1564 448 1700 500 ortos,
1745 457 1832 489 non
1853 442 1950 489 sine

484 534 681 596 quodam
723 539 992 596 contemptu
1015 536 1179 597 saepius
1210 536 1455 583 memorat¹
1483 553 1495 594 ;
1539 539 1717 599 plebem
1759 515 1954 601 deumne

488 628 632 686 illam,
681 628 812 689 cujus
838 631 1034 677 tutelam
1065 648 1094 678 a
1118 647 1164 679 se
1191 638 1447 694 susceptam
1483 633 1798 695 praedicabant
1837 634 1970 685 Julii.

487 724 679 770 Caesaris
720 740 1000 772 successores
1023 764 1036 784 ,
1092 734 1316 789 tanquam
1351 729 1611 790 imperitam
1652 729 1955 791 vitiosamque

487 821 748 878 colluviem,
799 822 1120 883 adspernatur.
1163 825 1449 886 Quicumque
1484 841 1566 887 pro
1607 826 1756 887 plebe,
1804 826 1952 882 Italis,

487 917 752 978 provinciiS,
778 924 938 964 contra
969 920 1228 981 Optimates
1257 926 1500 977 steterunt,
1530 928 1584 968 ut
1607 921 1817 978 Gracchi,
1854 922 1954 968 Ma—

487 1015 605 1071 rius,
637 1014 787 1060 Caesar
824 1015 949 1075 ipse,
979 1032 1054 1063 eos
1095 1018 1242 1063 veluti
1282 1018 1558 1079 perniciosos
1593 1019 1715 1065 cives
1751 1017 1956 1065 turbida-

487 1127 680 1172 rumque
705 1103 998 1172 rogationum
1025 1119 1233 1159 auctores
1260 1115 1511 1160 insectatur
1523 1112 1558 1160 2.

552 1208 730 1263 Quibus
772 1208 1001 1255 institutis
1043 1209 1250 1257 imbutus
1293 1209 1486 1271 scriptor
1529 1225 1640 1256 num
1665 1214 1846 1271 poterat
1886 1224 1957 1254 res
2011 1207 2019 1214 ”

488 1306 719 1352 Caesarum
745 1321 802 1351 ex
829 1321 937 1351 vero
964 1321 1215 1352 memorare
1253 1311 1335 1352 aut
1358 1306 1524 1353 saltem
1551 1307 1738 1364 intueri,
1784 1305 1956 1353 Tiberii

483 1402 707 1466 maxime,
734 1401 815 1462 qui
840 1406 911 1447 tot
935 1401 1140 1448 illustres
1166 1403 1322 1449 domos
1347 1403 1550 1449 coedibus
1574 1402 1843 1464 polluerat?
1867 1401 1956 1448 Eas

489 1498 675 1560 quidem
716 1497 955 1544 Nobilium
998 1498 1135 1555 vires,
1181 1513 1260 1544 eas
1299 1498 1493 1545 insidias
1530 1498 1774 1545 invenerat
1814 1498 1956 1544 haeres

491 1595 691 1655 Augusti
724 1599 794 1653 ut,
822 1610 1120 1655 quaecumque
1143 1595 1393 1656 imperanti
1419 1610 1499 1655 per
1523 1594 1723 1655 quietem
1757 1594 1956 1654 Trajano

491 1693 755 1740 veneranda
780 1692 1045 1753 tuendaque
1070 1692 1221 1738 videri
1252 1697 1525 1754 potuerunt,
1578 1691 1758 1739 Tiberio
1806 1691 1960 1737 formi-

487 1790 645 1835 dolosa
693 1793 739 1834 et
795 1789 1135 1850 comprimenda
1163 1795 1315 1835 essent
1349 1805 1359 1834 ε
1411 1789 1488 1835 sed
1537 1787 1664 1835 illius
1701 1794 1955 1849 temporum

489 1885 809 1947 discrepantia}
843 1886 1068 1932 rationem
1112 1902 1296 1932 servare
1331 1891 1506 1947 quanto
1543 1884 1727 1931 facilius
1766 1883 1957 1930 cuilibet

491 1981 625 2027 hodie
651 1981 829 2027 viventi
868 1996 1008 2041 quam
1044 1981 1276 2038 historico,
1323 1981 1431 2027 licet
1472 1997 1664 2038 summo,
1701 1987 1814 2027 tunc
1853 1980 1957 2027 scri·

491 2077 653 2123 beuti!
700 2076 928 2137 Principis
970 2081 1189 2137 praeterea
1214 2092 1360 2123 mores
1401 2077 1667 2138 incomptos,
1713 2077 1954 2123 obscurum

494 2174 717 2231 animum,
762 2172 970 2233 adjutam
1007 2172 1250 2219 fraudibus
1290 2172 1533 2230 saevitiam,
1571 2177 1716 2219 totam
1757 2171 1955 2231 denique

493 2269 665 2316 Tiberii
713 2269 916 2315 indolem
965 2283 1116 2315 nonne
1158 2268 1402 2314 historicus
1446 2273 1618 2324 noster,
1659 2271 1714 2312 ut
1751 2266 1956 2312 liberalis

492 2365 722 2426 comisque
771 2363 1102 2413 dominationis
1141 2369 1335 2422 amator,
1381 2379 1484 2410 cum
1511 2363 1657 2410 multo
1689 2367 1955 2423 contemptu

494 2477 546 2507 ac
571 2460 848 2518 diffidentia,
879 2460 1061 2507 horrere
1088 2474 1141 2506 ac
1165 2474 1392 2520 respuere,
1432 2459 1506 2505 vel
1531 2458 1724 2516 invitus,
1759 2458 1955 2505 debuit?

554 2556 871 2603 Pulcherrima
895 2555 1109 2616 denique,
1139 2554 1216 2601 sed
1242 2570 1293 2600 eo
1318 2554 1465 2614 magis
1490 2553 1750 2610 metuenda,
1770 2554 1956 2599 suberat

492 2668 631 2699 causa
655 2668 737 2699 cur
760 2653 906 2699 multo
927 2650 1245 2714 perfectiorem,
1284 2655 1338 2696 ut
1362 2650 1429 2696 ita
1454 2650 1620 2707 dicam,
1663 2649 1832 2696 Tiberii
1858 2662 1954 2710 per·

495 2748 756 2794 versitatem
803 2747 889 2793 sibi
932 2746 1055 2793 ultro
1095 2745 1282 2792 Tacitus
1321 2745 1526 2806 fingeret.
1572 2743 1847 2790 Manifestus
1884 2749 1953 2790 est

548 2943 554 2962 ¹
579 2943 675 2982 Anu.
698 2944 758 2992 ΙΙΙ,
779 2941 847 2993 48ς
872 2942 934 2992 w,
955 2944 990 2981 3.
1313 2943 1326 2961 ²
1348 2943 1445 2982 Anu.
1467 2943 1528 2990 ΙΙΙ,
1551 2955 1611 2994 27.
