2118 3308
752 306 888 340 CIRCA
923 305 1154 339 TIBERmM
1644 286 1702 350 75

136 396 144 405 '
208 401 485 463 indignatur
501 414 515 459 ;
544 398 610 446 sic
637 398 751 446 anni
784 413 909 445 xxxv
937 413 1010 445 res
1034 396 1315 455 traditurus,
1356 396 1483 443 Urbe
1514 393 1701 450 omissa,

209 499 464 547 divertitur
487 499 546 546 ad
570 498 859 557 Armeniam,
889 497 1014 544 unde
1040 513 1150 544 mox
1171 497 1365 543 Romam
1398 493 1666 557 regrediens
1687 508 1699 540 ε

213 614 235 642 «
266 597 394 657 Haec,
434 596 608 659 inquit,
646 596 831 643 duabus
868 595 1110 643 aestatibus
1144 599 1291 657 gesta,
1329 591 1573 654 conjunxi,
1611 607 1702 654 quo

212 711 235 739 (t
266 694 449 741 animus
496 710 524 740 a
572 694 838 742 domesticis
883 693 1022 741 malis
1068 690 1430 755 requiesceret¹.
1464 708 1486 735 »
1536 689 1700 752 Atqui,

208 793 335 840 mala
356 793 441 840 illa
473 792 726 840 domestica
754 793 793 840 si
818 793 1048 855 requiras,
1080 806 1337 854 paucorum
1362 789 1497 836 modo
1521 804 1706 836 reorum

207 877 410 954 reperias
443 892 607 951 exitia,
637 908 740 954 quae
773 907 830 938 ne
855 892 953 954 ipse
980 891 1168 953 quidem
1192 889 1382 938 Tacitus
1410 893 1493 935 aut
1518 888 1700 950 iniqua,

207 995 290 1037 aut
316 990 375 1036 ad
400 990 637 1037 Tiberium
659 990 905 1037 referenda
934 989 1213 1035 contendere
1248 1002 1389 1034 ausus
1414 991 1499 1033 est.
1534 986 1706 1047 Super-

207 1093 320 1135 sunt
343 1104 450 1150 ergo
486 1088 600 1135 anni
639 1089 847 1150 quinque
895 1086 1246 1151 (XXIX-xxxm),
1297 1085 1616 1132 delationibus
1654 1099 1708 1130 ac

208 1184 408 1249 caedibus
433 1186 570 1248 longe
596 1185 934 1244 funestissimi;
965 1185 1043 1232 sed
1073 1185 1159 1231 has
1185 1184 1341 1237 sordes
1375 1183 1524 1230 multo
1550 1182 1707 1228 minus
1774 1179 1780 1185 ’

209 1284 476 1331 crudelitati
528 1283 759 1345 Principis
802 1299 943 1345 quam
983 1283 1189 1345 ipsorum
1243 1281 1418 1328 civium
1468 1280 1706 1327 furoribus

210 1381 538 1428 adscribendas
564 1397 689 1439 mox,
716 1385 771 1426 ut
795 1395 944 1442 spero,
971 1379 1232 1442 apparebit.

266 1503 301 1550 ’ὖ
306 1518 379 1549 am
410 1518 519 1550 vero
546 1508 615 1549 tot
643 1503 1008 1560 accusationum,
1047 1507 1119 1548 tot
1143 1502 1504 1548 damnationum
1541 1517 1706 1548 narra-

209 1603 380 1649 tionem
408 1602 563 1648 minus
589 1617 694 1648 cum
727 1600 950 1647 historica
976 1600 1065 1646 fide
1091 1605 1138 1647 et
1164 1600 1402 1662 aequitate,
1433 1616 1572 1662 quam
1601 1615 1706 1646 cum

210 1698 414 1762 oratoria
468 1698 737 1760 eloquentia
792 1703 839 1744 et
880 1714 962 1760 per
1011 1703 1133 1745 artes
1183 1681 1376 1759 tragicis
1425 1693 1574 1760 poetis
1624 1703 1707 1744 aut

208 1798 468 1846 forensibus
494 1797 742 1845 causidicis
779 1813 1034 1856 concessas,
1071 1797 1260 1843 Tacitus
1298 1797 1541 1843 tractavit.
1583 1797 1705 1844 Nam

209 1897 365 1943 studia
390 1896 552 1943 civilia
594 1912 697 1958 quae
722 1894 822 1956 jam
851 1895 1238 1942 adumbravimus
1270 1900 1316 1941 et
1351 1896 1523 1958 quibus
1549 1910 1707 1942 omnes

205 1998 319 2040 tunc
339 1976 618 2055 agebantur,
639 1994 995 2056 praetermittere
1016 1994 1133 2040 solet
1144 2010 1157 2052 ;
1181 1993 1476 2040 saevientium
1498 1994 1708 2057 pericula

206 2105 480 2154 reorumque
523 2091 732 2138 infensas
769 2091 1065 2153 Principatui
1098 2092 1222 2139 vires
1261 2097 1505 2150 attenuat,
1546 2108 1708 2139 rursus

208 2195 363 2237 autem
390 2190 565 2238 Tiberii
605 2189 1019 2252 ministrorumque
1055 2189 1201 2248 dolos,
1237 2194 1473 2237 tormenta
1510 2190 1706 2236 damna-

180 2292 360 2339 torum
402 2293 448 2334 et
487 2304 788 2350 quaecumque
838 2288 1185 2334 miserationem
1227 2294 1309 2334 aut
1345 2288 1464 2335 iram
1506 2305 1706 2336 commo-

209 2400 314 2432 vere
341 2386 519 2444 valent,
550 2401 690 2447 quam
718 2384 1008 2432 vividissifne
1031 2386 1254 2447 exprimit
1284 2401 1293 2432 ε
1323 2392 1555 2433 monstrat
1582 2387 1706 2434 enim

209 2490 318 2531 ante
358 2484 515 2530 onmia
560 2481 782 2544 Sejanum
821 2484 1134 2530 dominationi
1169 2484 1433 2531 inhiantem
1460 2491 1507 2532 et
1550 2487 1608 2533 ad
1636 2503 1708 2533 su-

207 2582 466 2628 bruendam
496 2581 762 2628 Germanici
790 2582 978 2628 domum
1005 2583 1151 2628 variis
1177 2582 1452 2629 criminibus
1478 2584 1705 2645 pravitati

208 2680 440 2742 Principis
474 2678 822 2742 adrepentem2,
870 2680 1008 2726 simul
1061 2680 1398 2727 circumretitos
1435 2680 1705 2743 Agrippina:

263 2922 273 2943 ¹
297 2923 395 2962 An'n.
416 2922 483 2971 Vl,
501 2923 564 2972 31,
587 2922 650 2962 38.
1040 2922 1053 2943 ²
1074 2924 1174 2962 Ann.
1197 2922 1263 2972 1V,
1285 2936 1322 2975 7,
1348 2938 1408 2962 12.
