2118 3308
720 208 856 243 <siam
890 210 1119 243 'lunanum
1596 201 1670 261 v47

241 293 354 350 Quae
390 293 611 340 instituta
636 293 695 340 ad
719 293 993 340 servitutem
1020 300 1229 357 spectare
1264 296 1370 358 quis
1395 296 1676 343 contendere

175 392 422 450 sustineat,
452 391 542 437 nisi
569 390 831 438 diffidentia
851 392 1002 453 ipsum
1028 392 1189 439 vincat
1209 394 1447 442 Tiberium
1464 394 1474 424 ¹
1493 395 1516 441 ’Β
1542 394 1674 442 Nihil

174 489 363 552 quidem
390 489 438 536 in
464 490 669 551 Augusti
696 505 956 537 successore
982 496 1148 538 natum
1182 492 1241 538 ad
1263 492 1515 540 allicienda
1542 493 1673 554 vulgi

174 587 348 647 studia,
394 587 576 634 horridi
613 603 783 647 mores,
821 589 990 636 acerba
1012 591 1180 650 oratio,
1210 591 1285 638 sui
1321 592 1549 654 obtegens
1571 591 1677 638 ani-

174 684 344 746 ηυξ
372 701 528 733 nonne
552 701 661 733 vero
687 685 898 734 libertati
924 687 1123 750 publicae
1143 689 1338 736 comitas
1357 690 1506 737 multo
1525 691 1676 751 magis

174 784 442 843 metuenda,
472 783 654 846 quoties
673 783 894 845 parandae
919 786 1165 847 tyrannidi
1190 786 1423 849 fingitur?

244 1002 334 1049 Illa
350 1001 499 1064 igitur
523 1002 698 1050 Tiberii
719 1002 975 1065 primordia
999 1001 1228 1060 historici,
1252 1000 1326 1048 vel
1345 1016 1460 1063 quos
1486 1001 1675 1048 severis-

177 1097 316 1146 simos
335 1098 519 1160 judices
545 1098 731 1157 habuit,
764 1114 929 1161 nempe
963 1098 1053 1146 Dio
1086 1098 1275 1146 Cassius
1309 1114 1362 1144 ac
1403 1098 1671 1155 Suetonius,

180 1197 258 1244 ille
283 1196 572 1260 Thucydidis
596 1197 826 1256 imitator,
853 1197 930 1243 hic
956 1202 1151 1244 senectae
1177 1196 1438 1244 Tiberianae
1472 1196 1675 1258 diligens

178 1294 326 1358 magis
336 1311 478 1358 quam
491 1296 784 1344 verecundus
795 1295 1064 1355 insectator,
1083 1295 1358 1358 simpliciter
1368 1297 1623 1343 laudavere
1635 1295 1670 1342 5.

178 1393 350 1441 Eadem
377 1409 486 1441 vero
514 1398 620 1441 acta
646 1393 710 1441 sic
736 1394 925 1441 Tacitus
949 1395 1194 1454 tractavit,
1229 1400 1283 1442 ut
1316 1400 1486 1442 cuncta
1515 1395 1574 1442 ad
1599 1395 1674 1442 in-

176 1495 354 1542 fensam
380 1494 698 1557 tyrannidem,
721 1510 824 1556 quae
847 1499 1008 1557 postea
1027 1494 1199 1557 erupit,
1229 1501 1398 1557 parata
1431 1511 1458 1541 a
1490 1494 1674 1542 Tiberio

177 1598 225 1640 et
245 1592 417 1655 perfide
439 1591 592 1653 jama
615 1592 848 1655 principio
874 1592 1053 1639 directa
1088 1592 1377 1639 viderentur,
1411 1592 1499 1639 Sed
1531 1592 1674 1639 miras

177 1690 483 1753 componendi
524 1706 576 1737 ac
603 1690 838 1737 scribendi
866 1695 1005 1749 artes,
1040 1691 1212 1753 quibus
1244 1690 1341 1737 tale
1382 1690 1671 1752 propositum

178 1777 430 1836 historicus
452 1793 690 1835 assecutus
715 1794 801 1846 est,
832 1803 977 1850 quum
1001 1787 1254 1849 explanare
1279 1789 1577 1850 susceperim,
1602 1804 1675 1834 me

178 1888 329 1951 ipsum
353 1887 491 1934 valde
516 1886 566 1933 in
586 1886 768 1933 lubrico
794 1886 970 1933 versari
996 1886 1146 1933 sentio
1171 1901 1181 1932 ε
1212 1891 1396 1933 tantam
1423 1887 1504 1934 ille
1522 1887 1597 1935 vel
1626 1889 1675 1934 in

176 1985 516 2034 obtrectatione
534 1984 809 2031 modestiam
837 1983 1091 2046 aliquando
1118 1985 1354 2031 servavit!
1385 1990 1502 2036 tam,
1530 1986 1676 2033 subti-

175 2084 299 2132 libus
315 2101 369 2132 ac
386 2084 540 2131 variis·
551 2099 624 2131 res
638 2081 907 2146 proferendi
920 2081 1068 2130 modis
1087 2098 1201 2130 usus
1221 2087 1290 2129 est
1313 2084 1322 2129 !
1342 2088 1442 2130 tam
1461 2098 1671 2131 severam

176 2183 378 2249 denique
395 2181 590 2242 justitiae
604 2182 802 2245 speciem
823 2182 978 2229 verbis
1004 2182 1220 2229 omnibus
1238 2182 1333 2228 suis
1351 2183 1552 2230 indidit!
1579 2183 1673 2232 Oae-

175 2287 328 2330 terum
345 2281 493 2339 talem
512 2281 670 2328 virum
695 2280 938 2328 mendacio
957 2296 1167 2343 unquam
1187 2297 1283 2330 sese
1306 2281 1432 2329 ultro
1450 2282 1672 2344 polluisse

176 2380 544 2443 haudquaquam
570 2379 889 2428 contenderim
910 2395 922 2439 ;
952 2380 1110 2442 ecquis
1136 2395 1245 2426 vero
1273 2380 1421 2427 nescit
1445 2381 1672 2442 plurimos

175 2480 369 2544 reperiri
388 2495 538 2542 posse,
554 2479 627 2527 vel
647 2479 765 2527 citra
786 2477 1098 2537 mendacium,
1120 2478 1434 2541 temperandae
1457 2481 1672 2526 veritatis

177 2579 352 2637 modos,
389 2578 563 2640 quibus
589 2577 712 2639 apud
754 2582 932 2623 veteres
969 2575 1040 2621 vel
1084 2576 1250 2623 summi
1297 2590 1387 2622 non
1435 2576 1671 2624 abstinent

231 2801 242 2822 ¹
266 2802 363 2842 Ann.
385 2802 410 2850 Ι,
432 2802 496 2840 8ι.
1010 2796 1023 2816 ⁵
1044 2795 1120 2835 Dio
1148 2795 1309 2836 Cassius
1328 2828 1338 2845 ‚
1378 2810 1416 2850 p.
1453 2798 1641 2839 606-610
1660 2834 1668 2849 ,

230 2871 244 2892 ²
267 2872 330 2921 Ν,
353 2885 389 2923 7.
956 2868 1057 2908 Edit.
1080 2869 1277 2918 Hanovia‘,
1303 2869 1420 2909 1606.-
