2118 3308
429 544 522 612 DE
578 545 836 617 TAGITO
895 548 1108 617 CIRGA
1165 547 1514 618 TIBERIUM

838 736 1094 743 ———.——-

942 924 980 969 Ι.

286 1083 427 1122 QUALI
462 1085 700 1129 TEMPORE,
741 1085 834 1124 QUO
870 1085 1019 1118 ANIMO
1054 1084 1246 1117 TACITUS
1281 1084 1342 1115 AD
1378 1079 1662 1115 SCRIBENDAS

656 1183 830 1215 TIBERII
867 1183 952 1216 RES
990 1181 1288 1216 ACCESSERIT.

287 1346 458 1406 Quum,
489 1346 692 1408 Trajano
718 1347 940 1395 videlicet
983 1346 1136 1395 adhuc
1161 1336 1479 1409 imperitante,
1509 1346 1718 1405 Tacitus,

222 1444 438 1507 perfectis
455 1443 556 1506 jam
578 1446 755 1493 caeteris
776 1445 992 1507 operibus
1013 1444 1047 1505 ¹,
1077 1444 1135 1492 ad
1155 1444 1358 1492 Annales
1388 1444 1727 1508 componendos

212 1543 464 1604 'ingenium
491 1542 739 1602 convertit,
773 1548 985 1590 extrema
1015 1541 1073 1590 de
1112 1543 1346 1604 Augusto,
1382 1558 1491 1590 mox
1526 1542 1722 1599 Tiberii,

223 1641 344 1702 Caii,
381 1641 571 1690 Claudii
606 1642 901 1704 Neronisque
945 1657 1019 1689 res
1055 1642 1336 1702 traditurus,
1375 1643 1514 1705 longe
1539 1642 1726 1689 diversa

224 1741 282 1787 ab
329 1740 427 1787 illis
465 1740 724 1803 primorum
766 1740 1008 1789 Caesarum
1054 1742 1344 1803 temporibus
1393 1746 1506 1788 aetas
1551 1740 1724 1803 populo

222 1839 428 1886 Romano
466 1839 693 1902 agebatur
725 1854 735 1885 t
774 1838 896 1885 nulli
934 1838 1059 1886 enim
1091 1854 1304 1902 unquam
1346 1839 1558 1901 Principi
1595 1854 1725 1900 aeque

219 1927 273 1984 ac
300 1936 504 1998 Trajano
534 1938 799 1998 contigerat
822 1936 979 1984 onmia
1004 1937 1221 1985 invenire
1245 1937 1485 2000 aptissime
1510 1936 1569 1983 ad
1592 1951 1723 1984 secu-

218 2037 406 2083 ritatem
440 2036 817 2097 libertatemque,
858 2036 952 2082 imo
987 2035 1046 2082 ad
1074 2035 1274 2097 gloriam
1304 2035 1559 2098 publicam,
1593 2050 1717 2081 com-

218 2132 369 2195 posita
397 2148 408 2179 :
448 2131 609 2179 nullus
640 2131 829 2193 quidem
864 2131 1028 2178 oblata
1061 2137 1323 2194 temporum
1358 2131 1587 2179 felicitate
1618 2137 1717 2178 tam

217 2231 409 2279 solerter
435 2247 490 2277 ac
516 2229 763 2292 magnifice
795 2245 907 2276 usus
938 2236 1023 2277 est.
1064 2230 1258 2277 Peracto
1291 2246 1476 2293 nempe,
1513 2235 1619 2293 post
1647 2236 1719 2278 tot

216 2333 488 2375 mutuarum
517 2327 798 2374 insidiarum
831 2342 1000 2385 annoS,
1030 2327 1305 2389 Principum
1340 2327 1596 2375 certamine
1634 2344 1719 2390 pa—

213 2427 377 2475 tricias
411 2427 463 2475 in
495 2431 657 2489 gentes
688 2441 804 2489 quas
838 2425 1012 2473 veteris
1047 2426 1332 2489 Reipublicae
1357 2426 1433 2489 pie
1472 2442 1712 2485 memores,

215 2539 443 2572 novarum
474 2538 631 2570 rerum
664 2522 824 2570 odium
847 2528 1141 2570 transversas
1168 2523 1490 2571 indesinenter
1526 2540 1715 2587 compu—

214 2623 351 2682 lerat,
368 2621 545 2671 Urbem
563 2621 848 2683 Italiamque
865 2620 1166 2684 municipalis
1180 2622 1459 2685 impleverat
1480 2623 1716 2671 Nobilitas

215 2735 318 2782 quae
361 2719 626 2781 Principem
670 2718 1023 2779 municipalem,
1069 2723 1123 2765 ut
1165 2735 1318 2777 suum,
1368 2720 1549 2767 foveret
1582 2737 1591 2766 :
1640 2721 1717 2766 hic

272 2900 280 2919 ¹
304 2899 404 2939 Anu.
425 2900 491 2939 xl.
991 2898 1102 2948 nist„
1127 2899 1151 2946 1,
1175 2914 1210 2938 εν..
