2118 3308
535 315 596 363 68
1144 333 1204 366 nn
1235 333 1396 368 norro

535 427 652 471 cam,
691 412 877 475 oblique
911 429 965 460 ac
992 415 1148 476 procul
1181 417 1391 463 ostendat
1402 432 1415 475 ;
1449 418 1526 464 sed
1559 418 1744 480 propius
1778 423 1823 463 et
1851 433 1990 479 quam

535 507 822 555 vividissime
847 509 991 556 oculis
1010 510 1196 571 subjicit
1218 512 1533 573 ingruentium
1564 519 1878 559 accusatorum
1913 529 1993 560 nu-

533 617 726 660 merum,
755 604 1068 663 ambitionem,
1092 606 1231 653 vilem
1254 612 1421 666 ortum,
1450 613 1496 654 et
1521 609 1558 654 si
1577 624 1669 670 qua
1696 610 1740 654 in
1768 609 1870 654 illos
1895 607 1989 668 jaci

530 704 721 759 possunt
757 714 767 746 z
807 715 912 746 mox
946 715 1074 746 reum
1109 701 1364 748 desolatum
1401 703 1588 764 publica
1623 704 1835 765 ignavia;
1875 718 1991 765 saepe

528 794 674 856 ipsius
713 796 941 858 Principis
977 797 1113 843 vultu
1150 798 1339 844 obscuro
1380 798 1452 845 vel
1487 800 1623 858 truci,
1666 816 1718 847 ac
1755 816 1864 846 voce
1890 799 1989 859 jam

527 912 815 960 oppressum3
855 899 964 946 hinc
989 899 1289 961 superaddita
1313 899 1508 946 crimina
1532 917 1632 963 quae
1659 901 1988 962 objectantium

526 994 599 1041 vel
628 995 942 1043 adulationem
962 996 1037 1042 vel
1064 996 1170 1043 odia
1190 1001 1419 1044 testentur
1427 1013 1440 1056 ;
1464 997 1660 1060 denique
1670 998 1879 1059 judicum
1894 1014 1989 1045 sen-

524 1091 712 1150 tentias,
743 1107 1040 1154 quaecumque
1064 1092 1217 1139 animo
1240 1093 1315 1140 vel
1337 1093 1504 1140 immiti
1528 1110 1636 1155 erga
1655 1095 1887 1153 miserum,
1914 1095 1988 1142 vel

526 1187 684 1234 servili
710 1203 818 1248 erga
844 1188 1067 1235 Caesarem
1098 1189 1228 1235 foedae
1253 1190 1545 1236 exstiterunt.
1574 1190 1653 1248 At,
1680 1206 1779 1252 quae
1802 1190 1989 1236 fuerant

524 1285 773 1346 provinciae
791 1285 1047 1332 vindictam
1073 1286 1358 1348 exposcentis
1383 1287 1522 1363 mala,
1553 1293 1725 1349 quanto
1750 1287 1920 1348 gaudio
1941 1301 1988 1332 se

522 1381 756 1428 defensam
794 1383 1002 1442 senserit,
1041 1383 1153 1445 quid
1187 1383 1415 1446 profuerit
1451 1384 1500 1431 in
1538 1390 1769 1446 posterum
1795 1382 1987 1431 Caesaris

522 1478 759 1537 severitas,
790 1478 990 1526 Annales
1013 1495 1179 1542 parum
1204 1485 1386 1527 curant.

585 1574 796 1635 Insignia
821 1575 989 1621 talium
1027 1575 1349 1622 narrationum
1386 1576 1597 1638 exempla
1625 1591 1766 1638 quum
1785 1577 1987 1639 plurima

522 1684 763 1732 excerpere
791 1671 840 1716 in
863 1675 1079 1732 promptu
1102 1671 1178 1729 sit,
1205 1686 1350 1717 unum
1375 1671 1620 1732 proferam,
1651 1687 1811 1734 nempe
1839 1672 1986 1719 Silani

515 1765 764 1827 judicium,
793 1781 930 1829 quem
960 1766 1074 1813 Asia
1098 1772 1198 1814 tum
1224 1767 1603 1829 repetundarum,
1644 1772 1744 1814 tum
1777 1768 1981 1826 saevitiae,

523 1862 835 1924 postulabat¹.
879 1863 1067 1910 Tacitus
1103 1862 1249 1925 primo
1281 1878 1425 1909 unum
1464 1879 1521 1910 ex
1555 1862 1894 1909 accusatoribus
1933 1867 1986 1909 ut

524 1964 726 2006 veterem
762 1959 862 2006 ludi
899 1959 1118 2006 litterarii
1145 1959 1433 2022 magistrum,
1465 1959 1607 2006 alium
1631 1964 1685 2006 ut
1709 1959 1985 2006 clarescendi

523 2054 660 2101 nimis
693 2054 954 2117 properum,
988 2055 1183 2103 irridet:
1226 2055 1332 2103 inde
1371 2055 1578 2103 Silanum
1604 2055 1862 2113 miseratur,
1905 2055 1983 2117 qui

522 2149 863 2196 facundissimis
894 2150 1018 2198 Asiae
1043 2150 1286 2197 causidicis
1310 2150 1580 2212 respondere
1603 2156 1838 2212 cogeretur
1864 2168 1886 2195 <c
1914 2166 1985 2197 so-

527 2266 549 2293 α
578 2248 666 2307 lus,
714 2247 877 2295 orandi
912 2247 1105 2306 nescius,
1150 2249 1333 2309 proprio
1376 2248 1425 2294 in
1469 2253 1595 2294 metu
1625 2248 1704 2310 qui
1737 2248 1982 2301 exercitam

528 2361 551 2389 α
579 2359 759 2405 quoque
783 2342 1095 2405 eloquentiam
1119 2342 1334 2389 debilitat
1361 2357 1408 2401 »;
1437 2342 1587 2404 ipsum
1621 2343 1817 2404 denique
1849 2343 1982 2390 Tibe-

522 2439 644 2486 rium
670 2439 850 2487 inducit
871 2440 1086 2486 atrociter
1106 2439 1483 2500 interrogantem,
1512 2438 1729 2501 additque
1761 2455 1771 2486 :
1809 2457 1830 2484 c<
1859 2438 1983 2501 Saepe
2049 2435 2062 2447 ‘

527 2553 549 2580 α
578 2535 719 2582 etiam
752 2539 853 2582 erat
884 2533 1208 2592 confitendum,
1237 2548 1294 2580 ne
1318 2532 1492 2580 frustra
1521 2535 1803 2595 quaesivisset
1827 2552 1869 2592 »‚
1906 2550 1983 2596 pc·

523 2632 654 2679 rinde
672 2630 803 2694 quasi
826 2645 931 2677 reus
948 2630 1006 2676 iis
1025 2629 1383 2676 confessionibus
1402 2645 1449 2676 se
1465 2631 1669 2691 gratuito
1693 2630 1979 2692 perdidisset,

523 2729 613 2778 nisi
631 2732 824 2790 urgente
845 2727 1141 2775 conscientia.
1164 2727 1390 2774 Memorat
1408 2742 1587 2788 quoque
1611 2732 1822 2774 narrator
1848 2728 1980 2774 libel-

576 2924 584 2943 ·
609 2924 705 2963 Anu.
728 2922 790 2972 ιιι,
810 2922 875 2961 66.
