2118 3308
707 321 845 356 clRCA
880 322 1111 356 TIBERIUM
1596 306 1655 353 55

151 427 324 470 temere
349 422 677 470 detestandum
703 427 969 470 statuamus
999 438 1097 470 esse
1133 422 1479 485 Principatum,
1515 437 1654 485 quem

150 525 250 569 tam
281 520 465 568 nefaria
498 521 712 568 facinora
746 522 844 568 sint
888 520 1147 584 auspicata.
1202 520 1482 568 Confirmem
1526 520 1656 583 equi-

150 619 255 666 dem
292 618 428 666 nulla
466 618 517 665 in
560 617 826 667 Germanici
864 620 1014 666 vitam
1055 616 1169 675 data
1203 619 1364 667 Pisoni
1404 619 1648 678 mandata,

149 716 531 779 veneficiumque,
563 717 601 763 si
629 718 744 780 quid
777 718 872 765 tale
898 717 1061 777 fuerit,
1105 718 1216 764 solis
1239 717 1402 765 Pisoni
1430 733 1484 764 ac
1504 717 1650 764 Plan-

149 817 263 863 cinae
294 815 432 863 uxori
466 816 829 879 imputandum,
865 822 1108 880 praeterea,
1154 833 1311 864 necem
1342 816 1527 864 Pisonis
1552 833 1649 863 om-

147 915 258 962 nino
295 914 617 961 voluntariam
657 915 816 962 fuisse.
849 915 966 972 Quae
992 919 1162 962 cuncta
1202 914 1418 976 protinus
1455 914 1649 961 demon-

147 1019 294 1062 strare
313 1014 577 1077 aggrediar,
601 1014 660 1060 iis
679 1014 822 1061 nixus
847 1030 950 1076 quae
975 1013 1100 1076 apud
1119 1017 1307 1060 caeteros
1330 1013 1575 1059 historicos
1603 1017 1649 1059 et

144 1111 400 1174 praesertim
427 1112 552 1174 apud
577 1112 731 1174 ipsum
751 1112 967 1159 Tacitum
992 1111 1311 1174 reperiuntur.

207 1243 417 1290 Primum
466 1248 623 1290 autem
671 1258 784 1289 num
829 1242 1106 1290 crediderim
1146 1241 1478 1289 Germanicum
1514 1242 1648 1289 illius

141 1342 301 1405 patrui
326 1342 492 1389 fraude
515 1343 846 1404 interceptum,
871 1342 953 1404 qui
979 1341 1205 1401 Drusum,
1227 1346 1411 1403 patrem
1437 1339 1647 1401 ejusdem

142 1439 423 1499 Germanici,
466 1445 565 1486 tam
607 1439 689 1501 pia
727 1439 938 1486 coluerat
982 1438 1228 1485 amicitia?
1276 1439 1336 1486 Et
1378 1437 1646 1486 Germanici

140 1544 306 1598 mater,
338 1539 564 1598 Antonia,
595 1555 698 1601 quae
723 1539 773 1586 in
798 1539 984 1586 Palatio
1019 1538 1144 1601 apud
1168 1538 1435 1601 Principem
1468 1526 1646 1601 semper

140 1638 280 1694 vixit,
310 1642 357 1684 et
381 1654 501 1700 quae,
532 1642 587 1683 ut
610 1643 778 1697 mater,
802 1637 1006 1684 maxime
1026 1636 1273 1699 perspicax
1296 1642 1432 1696 esset,
1457 1654 1570 1684 num
1594 1637 1644 1684 in

139 1736 274 1784 domo
299 1737 615 1785 interfectoris
641 1739 990 1785 consenuisset?
1025 1754 1180 1784 nonne
1209 1737 1475 1800 refugisset,
1504 1738 1642 1785 illum

138 1835 381 1882 hominum
419 1835 538 1882 odiis
575 1841 623 1882 et
660 1837 866 1883 Deorum
907 1836 989 1882 irae
1022 1836 1293 1882 devovens?
1323 1835 1488 1898 Atqui,
1531 1836 1643 1883 dum

138 1933 346 1995 plurima
378 1940 542 1982 contra
580 1935 718 1982 illum
754 1935 941 1982 audiret
988 1935 1199 1998 quotidie
1222 1934 1415 1995 jactari,
1468 1935 1644 1982 mansit

138 2030 318 2094 hospes,
365 2032 541 2079 mansit
577 2033 858 2079 amicissima
889 2048 898 2078 :
935 2033 1025 2079 imo
1051 2032 1183 2102 illius
1217 2034 1345 2092 vitae,
1389 2033 1519 2080 illius
1558 2050 1642 2096 po-

137 2129 296 2176 tentiae
326 2130 400 2195 (ut
433 2147 576 2193 supra
607 2130 911 2194 memoravi),
948 2138 1165 2179 accurate
1194 2132 1488 2194 invigilavit,
1539 2147 1642 2178 con-

139 2228 289 2276 suluit
308 2231 317 2276 !

202 2362 318 2409 Eam
367 2367 591 2424 praeterea
627 2345 774 2424 ipsius
816 2361 1083 2408 Germanici
1122 2361 1345 2421 indolem,
1385 2378 1491 2409 eum
1527 2378 1640 2424 erga

137 2461 375 2509 Tiberium
398 2477 425 2508 a
450 2476 541 2523 quo
564 2460 814 2522 adoptatus
833 2465 950 2517 erat,
979 2459 1206 2518 animum,
1230 2475 1332 2506 eam
1360 2460 1416 2506 de
1434 2461 1639 2522 regenda

139 2560 379 2621 republica
407 2558 689 2606 sententiam
718 2558 862 2604 fuisse
886 2558 1222 2616 contenderim,
1248 2563 1303 2604 ut
1327 2558 1487 2605 vivere
1505 2558 1640 2619 juve-

138 2672 243 2704 nem
269 2673 362 2704 non
388 2657 523 2704 modo
549 2657 919 2718 haudquaquam
944 2656 1018 2702 illi
1044 2672 1209 2703 nocere
1235 2661 1403 2718 posset,
1444 2658 1522 2704 sed
1554 2658 1636 2705 im-

104 2795 106 2797 .
138 2755 301 2817 primis
326 2756 582 2818 expediret.
613 2757 752 2813 Nam,
783 2756 894 2803 licet
917 2755 1059 2802 Drusi
1085 2755 1210 2802 filius
1228 2757 1433 2803 creditus
1457 2757 1534 2816 sit,
1565 2775 1638 2820 pe-

138 2853 271 2900 rinde
300 2870 353 2900 ac
372 2859 520 2916 pater,
561 2855 826 2901 libertatem
869 2853 1136 2900 redditurus
1173 2855 1209 2900 si
1239 2871 1445 2916 unquam
1479 2872 1634 2903 rerum

104 2981 106 2983 -
138 2952 316 3015 potitus
347 2953 528 3011 fuisset,
562 2953 748 2999 videtur
773 2959 928 2999 tamen
956 2953 1255 3015 l'rincipatus
1282 2954 1478 3021 tiu-mam
1507 2956 1633 3001 haud
