2118 3308
886 681 993 728 VII.

200 860 441 896 HUMANUM
484 859 625 897 INTRA
679 860 852 893 MODUM
898 858 1156 892 REDIGITUR
1198 857 1298 891 TUM
1343 857 1541 901 TIBERII,
1588 856 1688 889 TUM

262 959 590 1004 ROMANORUM,
653 960 745 992 PER
808 959 1098 992 POSTERIORA
1159 956 1471 996 ,PRINCIPATUS
1536 943 1687 987 ILLIUS

260 1058 480 1092 TEMPORA
491 1081 505 1101 ,
555 1055 869 1090 PERVERSITAS
877 1079 886 1087 .

258 1257 349 1306 Illa
375 1272 467 1308 non
492 1261 740 1305 contentus
765 1258 988 1316 omisisse,
1015 1272 1118 1319 quae
1142 1255 1422 1303 civilitatem
1451 1261 1498 1302 et
1522 1256 1684 1303 huma-

193 1355 387 1404 nitatem
404 1372 646 1419 nunquam
665 1356 853 1403 omnino
875 1372 902 1403 a
924 1356 1107 1403 Tiberio
1128 1359 1295 1402 exutas
1311 1370 1406 1402 esse
1426 1351 1678 1412 testantur,

194 1458 369 1501 atroces
394 1458 440 1500 et
474 1459 691 1500 cruentas
727 1453 868 1501 Urbis
900 1469 972 1500 res
1007 1453 1198 1500 Tacitus
1231 1452 1300 1499 ita
1338 1452 1596 1514 composuit
1630 1459 1685 1499 ut

191 1551 341 1613 ipsum
375 1551 426 1598 in
462 1551 726 1613 Principem
765 1551 948 1598 invidia
987 1557 1058 1598 tot
1112 1551 1336 1598 scelerum
1376 1550 1678 1609 redundaret,

191 1654 334 1712 utque
354 1654 578 1711 praeterea
601 1650 797 1696 Romani
823 1649 1089 1696 foedissimis
1114 1648 1247 1695 modo
1267 1649 1419 1695 causis
1433 1665 1513 1711 per
1540 1650 1685 1696 oaedes

193 1763 246 1795 ac
270 1747 438 1796 dehinc
462 1748 511 1794 in
543 1747 787 1794 servitium
823 1747 948 1793 ultro
986 1747 1196 1794 devoluti
1234 1747 1522 1813 viderentur.

256 1947 381 1993 Dum
405 1947 552 2008 igitur
569 1946 700 1994 illius
723 1946 1093 2007 immanitatem,
1115 1947 1280 1994 horum
1309 1946 1586 2009 nequitiam,
1606 1961 1687 2008 per

191 2059 255 2102 se,
280 2043 457 2091 hercle!
488 2045 602 2092 satis
622 2045 950 2105 exsecrandas,
971 2046 1188 2095 veritatis
1210 2048 1335 2094 intra
1351 2047 1540 2094 modum
1554 2046 1687 2097 redu-

192 2157 291 2189 cere
306 2140 406 2202 jam
419 2157 577 2204 pergO,
595 2142 791 2190 fortasse
815 2159 954 2204 cogar
971 2143 1028 2190 de
1044 2143 1251 2191 victimis
1268 2144 1365 2191 illis
1381 2143 1572 2202 Tiberii,
1587 2149 1685 2193 tam

189 2238 380 2303 inclytis
402 2239 652 2302 plerisque,
681 2256 854 2304 perque
878 2242 1001 2303 ipsas
1024 2257 1257 2289 aerumnas
1282 2242 1421 2289 valde
1453 2259 1684 2290 commen-

191 2337 332 2397 datis,
358 2337 484 2385 mala
503 2337 714 2400 quaedam
742 2345 825 2386 aut
845 2339 1004 2401 turpia
1020 2339 1229 2387 confiteri
1249 2341 1258 2388 !
1289 2340 1507 2388 Obtestor
1526 2346 1683 2389 tamen

192 2451 249 2483 ne
274 2434 435 2483 statim
461 2451 672 2498 respuar,
708 2442 935 2500 tanquam
961 2438 1151 2485 illorum
1191 2454 1283 2485 non
1322 2438 1549 2485 absimilis
1581 2438 1680 2501 qui,

193 2532 451 2580 necessaria
475 2533 732 2582 identidem
758 2535 933 2583 scelera
966 2551 1062 2583 esse
1095 2536 1417 2598 praedicantes,
1457 2542 1683 2600 tyranno-

192 2644 296 2677 rum
321 2631 538 2679 victimas
572 2632 742 2679 iterum
778 2633 868 2695 ipsi
894 2639 1122 2693 mactant,
1168 2640 1216 2682 et
1251 2634 1481 2683 saevitiam
1507 2650 1684 2698 semper

192 2727 571 2785 abominandam,
594 2730 794 2792 publicae
820 2731 1003 2789 salutiS,
1028 2731 1133 2791 fati,
1158 2732 1422 2795 divinaeque
1441 2733 1685 2795 providen-

192 2825 270 2872 tiae
313 2827 591 2874 auctoritate
623 2844 889 2876 consecrare
924 2845 1016 2875 non
1051 2835 1287 2877 verentur.
1338 2832 1481 2878 Suum
1522 2848 1685 2894 nempe

194 2922 361 2984 cuique
387 2922 581 2970 historia
606 2925 797 2972 reddere
824 2926 961 2973 debet
979 2942 992 2984 3
1034 2928 1111 2973 sed
1136 2928 1466 2976 intestinarum
1499 2935 1683 2992 pertur-
