2118 3308
488 306 543 349 28
589 318 596 326 ⁸
1083 316 1138 347 me
1174 314 1332 347 norro

485 399 773 460 obscurusque
796 405 896 444 tum
925 398 1073 454 vultu,
1101 402 1200 442 tum
1221 411 1425 444 sermone
1453 413 1462 445 z
1493 399 1603 460 quid
1627 414 1730 444 vero
1758 398 1941 455 mirum,

486 501 556 542 tot
581 494 777 556 acceptis
801 492 1091 539 contumeliis
1108 492 1131 538 P
1167 492 1359 551 vinosus,
1401 493 1512 539 adeo
1555 498 1738 540 ut'eum
1762 508 1844 554 pro
1870 493 1947 539 Ti-

486 592 611 638 berio
642 589 891 647 Bz‘berz'um,
934 604 1016 650 pro
1051 588 1247 635 Claudio
1276 588 1481 635 Caldz'um
1521 590 1574 652 (si
1600 590 1784 652 quidem
1827 605 1948 636 oom-

490 686 654 733 mentis
691 702 793 747 quae
826 684 1118 731 coacervavit
1155 684 1419 743 Suetonius,
1462 685 1573 732 fides
1610 683 1945 746 adhibenda¹),

490 785 658 832 milites
677 787 924 840 vooarent3
953 783 1047 838 sed,
1077 795 1363 844 quocumque
1381 797 1427 829 se
1445 797 1500 828 ea
1524 798 1594 829 res
1616 782 1848 839 habuerit,
1877 781 1947 827 ni-

488 882 556 927 hil
580 896 786 941 unquam
821 880 907 925 tali
941 879 997 926 de
1022 894 1161 925 eausa
1186 878 1308 925 domi
1334 879 1409 924 vel
1440 879 1619 926 militiae
1649 894 1776 926 secus
1813 878 1954 924 admi-

490 982 627 1035 serat,
657 991 924 1036 summaque
944 975 1240 1022 veneratione
1258 975 1486 1022 exercitus
1511 991 1665 1022 omnes
1705 976 1836 1022 illum
1857 990 1955 1036 pro-

491 1074 800 1136 sequebantur
816 1088 829 1130 3
865 1072 1062 1133 denique
1082 1070 1351 1133 seminarum
1390 1079 1580 1129 amator,
1620 1071 1698 1118 sed
1733 1071 1956 1117 haetenus

493 1186 680 1217 suarum
724 1168 1044 1215 tantummodo
1083 1184 1092 1215 :
1134 1173 1181 1214 at
1223 1167 1410 1215 saevitiae
1449 1167 1623 1216 indicia
1657 1167 1806 1216 adhuc
1850 1168 1954 1215 abe-

492 1272 615 1314 rant.

557 1369 781 1432 Equidem
816 1370 981 1426 insitas
1018 1370 1216 1428 Tiberio,
1263 1370 1398 1416 sicuti
1436 1362 1955 1432 plerisque'hominum,

495 1467 714 1530 pessimas
754 1467 979 1528 quasdam
1014 1466 1231 1513 libidines
1271 1468 1398 1514 haud
1433 1467 1606 1525 infitias
1645 1468 1827 1529 iverim,
1880 1484 1963 1515 nec

498 1565 733 1610 immemor
758 1578 858 1609 sum
880 1562 1014 1609 illum
1042 1579 1068 1609 a
1093 1568 1367 1625 praeceptore
1391 1564 1626 1612 Theodoro
1658 1564 1744 1611 hac
1770 1570 1880 1611 nota
1910 1565 1965 1611 si-

497 1666 689 1722 gnatum
720 1676 730 1706 ε
765 1678 787 1705 ((
815 1665 931 1712 πηλὸν
953 1667 1083 1724 αἵματι
1116 1643 1391 1725 πεφυρμένονῖ·
1425 1679 1447 1706 ))
1479 1663 1763 1725 (quanquam
1789 1663 1962 1725 profes-

499 1772 650 1819 sorem·
666 1757 807 1803 istum
826 1757 1060 1804 rhetorum
1081 1758 1435 1819 exaggeratione
1453 1764 1564 1805 tune
1584 1759 1778 1805 abusum
1799 1759 1914 1822 reor)
1951 1774 1961 1805 z

500 1852 725 1914 quidquid
771 1868 877 1898 vero
921 1870 943 1896 α
970 1853 1080 1899 saevi
1116 1858 1197 1899 aut
1232 1854 1347 1900 lenti
1375 1871 1418 1912 >›,
1464 1859 1518 1900 ut
1555 1855 1622 1900 ait
1666 1853 1910 1901 Suetonius
1926 1854 1963 1913 5,

501 1951 669 2008 inerat,
696 1950 906 1996 Tiberius
927 1951 985 1996 ad
1009 1949 1133 1997 huno
1160 1967 1303 2012 usque
1329 1951 1610 1998 tricesimum
1636 1951 1857 2013 'quintum
1884 1967 1966 1998 an-

506 2062 633 2105 num,
680 2063 770 2093 non
797 2047 898 2093 dieo
924 2036 1314 2094 dissimulaverat
1335 2048 1518 2110 perfide,
1563 2049 1642 2096 sed
1683 2050 1863 2110 egregie
1888 2050 1969 2096 do-

504 2150 684 2191 muerat
697 2159 710 2202 3
741 2160 888 2206 neque
913 2145 1115 2206 profecto
1143 2145 1235 2191 illis
1260 2145 1534 2192 libidinibus
1560 2146 1809 2208 aliquando
1832 2147 1972 2194 inser-

507 2242 605 2288 vire
634 2241 776 2288 fixum
806 2241 906 2301 jam
944 2258 997 2288 ao
1032 2242 1314 2288 destinatum
1351 2243 1552 2289 habebat
1581 2259 1591 2289 ;
1626 2243 1704 2289 sed
1729 2243 1816 2289 hac
1848 2244 1969 2289 Rho·
2010 2263 2012 2265 ’

506 2338 653 2384 diensi
696 2338 961 2396 secessione,
1004 2353 1143 2400 quam
1193 2338 1275 2384 vix
1310 2338 1495 2385 Tacitus
1536 2339 1683 2385 obiter
1725 2355 1776 2386 ao
1808 2339 1973 2386 leviter

508 2435 797 2493 memoravit,
826 2440 872 2481 et
897 2450 998 2496 quae
1023 2439 1177 2481 tamen
1203 2440 1374 2497 septem
1402 2450 1546 2481 annos
1580 2451 1604 2482 e
1627 2435 1778 2482 media
1802 2436 1975 2483 exsulis

509 2538 611 2584 vita
645 2537 978 2598 quodammodo
1019 2537 1205 2594 exemit,
1253 2537 1382 2583 illius
1426 2537 1608 2583 animus
1631 2537 1816 2598 penitus
1847 2536 1973 2583 labe-

511 2636 660 2681 factus
679 2639 763 2691 est,
792 2638 838 2680 et
864 2633 921 2679 ad
947 2634 1142 2695 pessima
1168 2649 1359 2696 quaeque
1385 2633 1551 2679 sensim
1576 2633 1843 2679 inclinatus.

571 2845 577 2862 ·
602 2846 708 2882 suet.
732 2844 841 2882 XLll.
1342 2843 1355 2860 ⁵
1377 2843 1482 2880 Suet.
1506 2843 1616 2882 an.

571 2914 582 2932 '·'
601 2914 710 2952 ΙΝΙΙ.
