<?xml version="1.0" encoding="UTF-8"?>
<!DOCTYPE html PUBLIC "-//W3C//DTD XHTML 1.0 Transitional//EN"
    "http://www.w3.org/TR/xhtml1/DTD/xhtml1-transitional.dtd">
<html xmlns="http://www.w3.org/1999/xhtml" xml:lang="en" lang="en">
 <head>
  <title>
</title>
<meta http-equiv="Content-Type" content="text/html;charset=utf-8" />
  <meta name='ocr-system' content='tesseract 3.04.00' />
  <meta name='ocr-capabilities' content='ocr_page ocr_carea ocr_par ocr_line ocrx_word'/>
</head>
<body>
  <div class='ocr_page' id='page_1' title='image "./detacitiadenarra00duchuoft_0091.png"; bbox 0 0 2118 3308; ppageno 0'>
   <div class='ocr_carea' id='block_1_1' title="bbox 213 259 1705 507">
    <p class='ocr_par' dir='ltr' id='par_1_1' title="bbox 213 259 1705 507">
     <span class='ocr_line' id='line_1_1' title="bbox 759 259 1705 309; baseline -0.003 -15"><span class='ocrx_word' id='word_1_1' title='bbox 759 261 895 294; x_wconf 74' lang='lat' dir='ltr'><strong>omeA</strong></span> <span class='ocrx_word' id='word_1_2' title='bbox 926 259 1155 293; x_wconf 80' lang='lat' dir='ltr'><strong>TlssERmM</strong></span> <span class='ocrx_word' id='word_1_3' title='bbox 1645 262 1705 309; x_wconf 90' lang='lat'><strong>79</strong></span> 
     </span>
     <span class='ocr_line' id='line_1_2' title="bbox 214 343 1702 408; baseline -0.002 -15"><span class='ocrx_word' id='word_1_4' title='bbox 214 345 384 408; x_wconf 83' lang='lat' dir='ltr'><strong>quibus</strong></span> <span class='ocrx_word' id='word_1_5' title='bbox 417 361 551 408; x_wconf 89' lang='lat' dir='ltr'><strong>porro</strong></span> <span class='ocrx_word' id='word_1_6' title='bbox 578 345 816 392; x_wconf 84' lang='lat' dir='ltr'><strong>rhetorum</strong></span> <span class='ocrx_word' id='word_1_7' title='bbox 846 360 904 392; x_wconf 84' lang='lat' dir='ltr'><strong>ex</strong></span> <span class='ocrx_word' id='word_1_8' title='bbox 931 344 1143 402; x_wconf 92' lang='lat' dir='ltr'><strong>officinis,</strong></span> <span class='ocrx_word' id='word_1_9' title='bbox 1185 348 1300 406; x_wconf 88' lang='lat' dir='ltr'><strong>quot</strong></span> <span class='ocrx_word' id='word_1_10' title='bbox 1337 343 1461 390; x_wconf 91' lang='lat' dir='ltr'><strong>cives</strong></span> <span class='ocrx_word' id='word_1_11' title='bbox 1499 343 1702 403; x_wconf 82' lang='lat' dir='ltr'><strong>factiosi,</strong></span> 
     </span>
     <span class='ocr_line' id='line_1_3' title="bbox 213 441 1704 507; baseline -0.003 -16"><span class='ocrx_word' id='word_1_12' title='bbox 213 450 328 507; x_wconf 90' lang='lat' dir='ltr'><strong>quot</strong></span> <span class='ocrx_word' id='word_1_13' title='bbox 362 443 713 503; x_wconf 80' lang='lat' dir='ltr'>declamatores,</span> <span class='ocrx_word' id='word_1_14' title='bbox 765 442 1014 490; x_wconf 79' lang='lat' dir='ltr'><strong>contrariis</strong></span> <span class='ocrx_word' id='word_1_15' title='bbox 1059 441 1292 488; x_wconf 90' lang='lat' dir='ltr'><strong>institutis</strong></span> <span class='ocrx_word' id='word_1_16' title='bbox 1339 441 1527 501; x_wconf 79' lang='lat' dir='ltr'><strong>imbuti,</strong></span> <span class='ocrx_word' id='word_1_17' title='bbox 1576 441 1704 488; x_wconf 91' lang='lat' dir='ltr'><strong>dela-</strong></span> 
     </span>
    </p>
   </div>
   <div class='ocr_carea' id='block_1_2' title="bbox 211 539 1704 602">
    <p class='ocr_par' dir='ltr' id='par_1_2' title="bbox 211 539 1704 602">
     <span class='ocr_line' id='line_1_4' title="bbox 211 539 1704 602; baseline -0.003 -11"><span class='ocrx_word' id='word_1_18' title='bbox 211 543 419 591; x_wconf 86' lang='lat' dir='ltr'><strong>tionibus</strong></span> <span class='ocrx_word' id='word_1_19' title='bbox 462 543 640 590; x_wconf 90' lang='lat' dir='ltr'><strong>mutuis</strong></span> <span class='ocrx_word' id='word_1_20' title='bbox 684 558 737 589; x_wconf 83' lang='lat' dir='ltr'><strong>ac</strong></span> <span class='ocrx_word' id='word_1_21' title='bbox 783 541 986 589; x_wconf 88' lang='lat' dir='ltr'><strong>caedibus</strong></span> <span class='ocrx_word' id='word_1_22' title='bbox 1032 540 1204 602; x_wconf 86' lang='lat' dir='ltr'><strong>parati,</strong></span> <span class='ocrx_word' id='word_1_23' title='bbox 1251 539 1508 587; x_wconf 87' lang='lat' dir='ltr'><strong>necessario</strong></span> <span class='ocrx_word' id='word_1_24' title='bbox 1550 539 1704 588; x_wconf 84' lang='lat' dir='ltr'><strong>emissi</strong></span> 
     </span>
    </p>
   </div>
   <div class='ocr_carea' id='block_1_3' title="bbox 212 642 410 689">
    <p class='ocr_par' dir='ltr' id='par_1_3' title="bbox 212 642 410 689">
     <span class='ocr_line' id='line_1_5' title="bbox 212 642 410 689; baseline 0 -1"><span class='ocrx_word' id='word_1_25' title='bbox 212 642 410 689; x_wconf 88' lang='lat' dir='ltr'><strong>sunt!...</strong></span> 
     </span>
    </p>
   </div>
   <div class='ocr_carea' id='block_1_4' title="bbox 210 818 1702 1078">
    <p class='ocr_par' dir='ltr' id='par_1_4' title="bbox 210 818 1702 1078">
     <span class='ocr_line' id='line_1_6' title="bbox 275 818 1699 882; baseline -0.002 -15"><span class='ocrx_word' id='word_1_26' title='bbox 275 821 407 868; x_wconf 90' lang='lat' dir='ltr'><strong>Adde</strong></span> <span class='ocrx_word' id='word_1_27' title='bbox 441 820 707 867; x_wconf 85' lang='lat' dir='ltr'><strong>inveterata</strong></span> <span class='ocrx_word' id='word_1_28' title='bbox 749 820 1027 882; x_wconf 89' lang='lat' dir='ltr'><strong>vivaciaque</strong></span> <span class='ocrx_word' id='word_1_29' title='bbox 1070 819 1278 881; x_wconf 85' lang='lat' dir='ltr'><strong>partium</strong></span> <span class='ocrx_word' id='word_1_30' title='bbox 1322 819 1445 865; x_wconf 87' lang='lat' dir='ltr'><strong>inter</strong></span> <span class='ocrx_word' id='word_1_31' title='bbox 1486 835 1533 865; x_wconf 89' lang='lat' dir='ltr'><strong>se</strong></span> <span class='ocrx_word' id='word_1_32' title='bbox 1575 818 1699 878; x_wconf 88' lang='lat' dir='ltr'><strong>odia,</strong></span> 
     </span>
     <span class='ocr_line' id='line_1_7' title="bbox 212 917 1697 982; baseline -0.002 -17"><span class='ocrx_word' id='word_1_33' title='bbox 212 935 330 982; x_wconf 86' lang='lat' dir='ltr'><strong>quae,</strong></span> <span class='ocrx_word' id='word_1_34' title='bbox 353 934 519 965; x_wconf 86' lang='lat' dir='ltr'><strong>novem</strong></span> <span class='ocrx_word' id='word_1_35' title='bbox 542 934 623 981; x_wconf 89' lang='lat' dir='ltr'><strong>per</strong></span> <span class='ocrx_word' id='word_1_36' title='bbox 644 929 788 965; x_wconf 90' lang='lat' dir='ltr'><strong>annos</strong></span> <span class='ocrx_word' id='word_1_37' title='bbox 807 934 913 965; x_wconf 90' lang='lat' dir='ltr'><strong>cum</strong></span> <span class='ocrx_word' id='word_1_38' title='bbox 931 918 1078 963; x_wconf 89' lang='lat' dir='ltr'><strong>multo</strong></span> <span class='ocrx_word' id='word_1_39' title='bbox 1103 917 1277 964; x_wconf 88' lang='lat' dir='ltr'><strong>Tiberii</strong></span> <span class='ocrx_word' id='word_1_40' title='bbox 1301 917 1460 963; x_wconf 91' lang='lat' dir='ltr'><strong>labore</strong></span> <span class='ocrx_word' id='word_1_41' title='bbox 1481 917 1697 974; x_wconf 88' lang='lat' dir='ltr'><strong>coercita,</strong></span> 
     </span>
     <span class='ocr_line' id='line_1_8' title="bbox 210 1013 1702 1078; baseline -0.003 -15"><span class='ocrx_word' id='word_1_42' title='bbox 210 1015 576 1078; x_wconf 86' lang='lat' dir='ltr'><strong>haudquaquam</strong></span> <span class='ocrx_word' id='word_1_43' title='bbox 618 1015 853 1062; x_wconf 86' lang='lat' dir='ltr'><strong>exstincta</strong></span> <span class='ocrx_word' id='word_1_44' title='bbox 878 1015 1038 1073; x_wconf 91' lang='lat' dir='ltr'><strong>fuisse,</strong></span> <span class='ocrx_word' id='word_1_45' title='bbox 1078 1019 1348 1061; x_wconf 74' lang='lat' dir='ltr'><strong>caeterorum</strong></span> <span class='ocrx_word' id='word_1_46' title='bbox 1377 1013 1702 1060; x_wconf 83' lang='lat' dir='ltr'><strong>historicorum</strong></span> 
     </span>
    </p>
   </div>
   <div class='ocr_carea' id='block_1_5' title="bbox 211 1111 823 1176">
    <p class='ocr_par' dir='ltr' id='par_1_5' title="bbox 211 1111 823 1176">
     <span class='ocr_line' id='line_1_9' title="bbox 211 1111 823 1176; baseline -0.002 -16"><span class='ocrx_word' id='word_1_47' title='bbox 211 1128 350 1176; x_wconf 90' lang='lat' dir='ltr'><strong>opera</strong></span> <span class='ocrx_word' id='word_1_48' title='bbox 375 1111 515 1159; x_wconf 90' lang='lat' dir='ltr'><strong>nimis</strong></span> <span class='ocrx_word' id='word_1_49' title='bbox 540 1117 776 1159; x_wconf 86' lang='lat' dir='ltr'><strong>testantur</strong></span> <span class='ocrx_word' id='word_1_50' title='bbox 791 1111 823 1159; x_wconf 85' lang='lat'><strong>¹.</strong></span> 
     </span>
    </p>
   </div>
   <div class='ocr_carea' id='block_1_6' title="bbox 209 1290 1701 1647">
    <p class='ocr_par' dir='ltr' id='par_1_6' title="bbox 209 1290 1701 1647">
     <span class='ocr_line' id='line_1_10' title="bbox 274 1290 1699 1353; baseline 0 -16"><span class='ocrx_word' id='word_1_51' title='bbox 274 1290 360 1338; x_wconf 92' lang='lat' dir='ltr'><strong>His</strong></span> <span class='ocrx_word' id='word_1_52' title='bbox 390 1291 622 1353; x_wconf 77' lang='lat' dir='ltr'><strong>praecipue</strong></span> <span class='ocrx_word' id='word_1_53' title='bbox 648 1290 800 1337; x_wconf 87' lang='lat' dir='ltr'><strong>causis</strong></span> <span class='ocrx_word' id='word_1_54' title='bbox 824 1290 1065 1336; x_wconf 90' lang='lat' dir='ltr'><strong>turbatam</strong></span> <span class='ocrx_word' id='word_1_55' title='bbox 1090 1290 1234 1337; x_wconf 89' lang='lat' dir='ltr'><strong>fuisse</strong></span> <span class='ocrx_word' id='word_1_56' title='bbox 1259 1291 1435 1338; x_wconf 90' lang='lat' dir='ltr'><strong>Tiberii</strong></span> <span class='ocrx_word' id='word_1_57' title='bbox 1462 1290 1699 1337; x_wconf 88' lang='lat' dir='ltr'><strong>fortunam</strong></span> 
     </span>
     <span class='ocr_line' id='line_1_11' title="bbox 210 1387 1701 1451; baseline -0.001 -15"><span class='ocrx_word' id='word_1_58' title='bbox 210 1394 257 1435; x_wconf 87' lang='lat' dir='ltr'><strong>et</strong></span> <span class='ocrx_word' id='word_1_59' title='bbox 297 1389 645 1451; x_wconf 89' lang='lat' dir='ltr'><strong>pessumdatum</strong></span> <span class='ocrx_word' id='word_1_60' title='bbox 694 1387 902 1434; x_wconf 89' lang='lat' dir='ltr'><strong>animum</strong></span> <span class='ocrx_word' id='word_1_61' title='bbox 946 1403 1004 1434; x_wconf 91' lang='lat' dir='ltr'><strong>ne</strong></span> <span class='ocrx_word' id='word_1_62' title='bbox 1053 1387 1232 1434; x_wconf 86' lang='lat' dir='ltr'><strong>diutius</strong></span> <span class='ocrx_word' id='word_1_63' title='bbox 1269 1387 1474 1446; x_wconf 84' lang='lat' dir='ltr'><strong>dubites,</strong></span> <span class='ocrx_word' id='word_1_64' title='bbox 1517 1393 1701 1451; x_wconf 90' lang='lat' dir='ltr'><strong>tempus</strong></span> 
     </span>
     <span class='ocr_line' id='line_1_12' title="bbox 211 1486 1699 1550; baseline -0.001 -15"><span class='ocrx_word' id='word_1_65' title='bbox 211 1487 449 1535; x_wconf 87' lang='lat' dir='ltr'><strong>considera</strong></span> <span class='ocrx_word' id='word_1_66' title='bbox 482 1504 572 1550; x_wconf 91' lang='lat' dir='ltr'><strong>quo</strong></span> <span class='ocrx_word' id='word_1_67' title='bbox 609 1487 797 1534; x_wconf 87' lang='lat' dir='ltr'><strong>funesta</strong></span> <span class='ocrx_word' id='word_1_68' title='bbox 839 1487 923 1533; x_wconf 88' lang='lat' dir='ltr'><strong>illa</strong></span> <span class='ocrx_word' id='word_1_69' title='bbox 959 1487 1115 1549; x_wconf 86' lang='lat' dir='ltr'><strong>erupit</strong></span> <span class='ocrx_word' id='word_1_70' title='bbox 1146 1486 1345 1533; x_wconf 90' lang='lat' dir='ltr'><strong>mutatio</strong></span> <span class='ocrx_word' id='word_1_71' title='bbox 1355 1502 1368 1545; x_wconf 79' lang='lat'><em>3</em></span> <span class='ocrx_word' id='word_1_72' title='bbox 1412 1486 1552 1532; x_wconf 90' lang='lat' dir='ltr'><strong>simul</strong></span> <span class='ocrx_word' id='word_1_73' title='bbox 1590 1503 1699 1534; x_wconf 87' lang='lat' dir='ltr'><strong>con-</strong></span> 
     </span>
     <span class='ocr_line' id='line_1_13' title="bbox 209 1584 1690 1647; baseline 0 -15"><span class='ocrx_word' id='word_1_74' title='bbox 209 1585 345 1632; x_wconf 87' lang='lat' dir='ltr'><strong>tinua</strong></span> <span class='ocrx_word' id='word_1_75' title='bbox 380 1585 634 1647; x_wconf 87' lang='lat' dir='ltr'><strong>Principis,</strong></span> <span class='ocrx_word' id='word_1_76' title='bbox 685 1584 857 1631; x_wconf 84' lang='lat' dir='ltr'><strong>abhinc</strong></span> <span class='ocrx_word' id='word_1_77' title='bbox 893 1600 1040 1647; x_wconf 90' lang='lat' dir='ltr'><strong>usque</strong></span> <span class='ocrx_word' id='word_1_78' title='bbox 1093 1585 1152 1631; x_wconf 86' lang='lat' dir='ltr'><strong>ad</strong></span> <span class='ocrx_word' id='word_1_79' title='bbox 1202 1590 1412 1643; x_wconf 88' lang='lat' dir='ltr'><strong>mortem,</strong></span> <span class='ocrx_word' id='word_1_80' title='bbox 1479 1585 1690 1647; x_wconf 89' lang='lat' dir='ltr'><strong>pericula</strong></span> 
     </span>
    </p>
   </div>
   <div class='ocr_carea' id='block_1_7' title="bbox 211 1698 412 1731">
    <p class='ocr_par' dir='ltr' id='par_1_7' title="bbox 211 1698 412 1731">
     <span class='ocr_line' id='line_1_14' title="bbox 211 1698 412 1731; baseline -0.005 0"><span class='ocrx_word' id='word_1_81' title='bbox 211 1698 395 1731; x_wconf 74' lang='lat' dir='ltr'><strong>recense</strong></span> <span class='ocrx_word' id='word_1_82' title='bbox 403 1721 412 1730; x_wconf 93' lang='lat'><strong><em>.</em></strong></span> 
     </span>
    </p>
   </div>
   <div class='ocr_carea' id='block_1_8' title="bbox 210 1862 1701 2123">
    <p class='ocr_par' dir='ltr' id='par_1_8' title="bbox 210 1862 1701 2123">
     <span class='ocr_line' id='line_1_15' title="bbox 271 1862 1697 1925; baseline 0.001 -15"><span class='ocrx_word' id='word_1_83' title='bbox 271 1862 517 1910; x_wconf 90' lang='lat' dir='ltr'><strong>Decimum</strong></span> <span class='ocrx_word' id='word_1_84' title='bbox 568 1863 652 1908; x_wconf 90' lang='lat' dir='ltr'><strong>sub</strong></span> <span class='ocrx_word' id='word_1_85' title='bbox 718 1878 913 1921; x_wconf 89' lang='lat' dir='ltr'><strong>annum,</strong></span> <span class='ocrx_word' id='word_1_86' title='bbox 958 1862 1198 1908; x_wconf 89' lang='lat' dir='ltr'><strong>immutari</strong></span> <span class='ocrx_word' id='word_1_87' title='bbox 1249 1862 1389 1925; x_wconf 87' lang='lat' dir='ltr'><strong>coepit</strong></span> <span class='ocrx_word' id='word_1_88' title='bbox 1437 1863 1650 1911; x_wconf 88' lang='lat' dir='ltr'><strong>Tiberius</strong></span> <span class='ocrx_word' id='word_1_89' title='bbox 1688 1879 1697 1910; x_wconf 79' lang='lat' dir='ltr'>z</span> 
     </span>
     <span class='ocr_line' id='line_1_16' title="bbox 214 1961 1701 2026; baseline -0.002 -16"><span class='ocrx_word' id='word_1_90' title='bbox 214 1978 356 2026; x_wconf 92' lang='lat' dir='ltr'><strong>quam</strong></span> <span class='ocrx_word' id='word_1_91' title='bbox 417 1962 467 2009; x_wconf 91' lang='lat' dir='ltr'><strong>in</strong></span> <span class='ocrx_word' id='word_1_92' title='bbox 536 1961 669 2025; x_wconf 90' lang='lat' dir='ltr'><strong>pejus</strong></span> <span class='ocrx_word' id='word_1_93' title='bbox 724 1962 1071 2010; x_wconf 85' lang='lat' dir='ltr'><strong>conversionem</strong></span> <span class='ocrx_word' id='word_1_94' title='bbox 1128 1963 1332 2010; x_wconf 80' lang='lat' dir='ltr'><strong>Annales</strong></span> <span class='ocrx_word' id='word_1_95' title='bbox 1398 1962 1457 2009; x_wconf 87' lang='lat' dir='ltr'><strong>ad</strong></span> <span class='ocrx_word' id='word_1_96' title='bbox 1519 1962 1701 2008; x_wconf 87' lang='lat' dir='ltr'><strong>nullam</strong></span> 
     </span>
     <span class='ocr_line' id='line_1_17' title="bbox 210 2060 1696 2123; baseline 0 -16"><span class='ocrx_word' id='word_1_97' title='bbox 210 2075 395 2107; x_wconf 86' lang='lat' dir='ltr'><strong>causam</strong></span> <span class='ocrx_word' id='word_1_98' title='bbox 432 2060 752 2123; x_wconf 86' lang='lat' dir='ltr'><strong>probabilem,</strong></span> <span class='ocrx_word' id='word_1_99' title='bbox 803 2076 856 2107; x_wconf 88' lang='lat' dir='ltr'><strong>ac</strong></span> <span class='ocrx_word' id='word_1_100' title='bbox 897 2061 1099 2123; x_wconf 91' lang='lat' dir='ltr'><strong>denique</strong></span> <span class='ocrx_word' id='word_1_101' title='bbox 1143 2061 1202 2107; x_wconf 90' lang='lat' dir='ltr'><strong>ad</strong></span> <span class='ocrx_word' id='word_1_102' title='bbox 1242 2061 1477 2123; x_wconf 85' lang='lat' dir='ltr'><strong>quoddam</strong></span> <span class='ocrx_word' id='word_1_103' title='bbox 1521 2060 1696 2118; x_wconf 84' lang='lat' dir='ltr'><strong>fatum,</strong></span> 
     </span>
    </p>
   </div>
   <div class='ocr_carea' id='block_1_9' title="bbox 207 2158 1701 2223">
    <p class='ocr_par' dir='ltr' id='par_1_9' title="bbox 207 2158 1701 2223">
     <span class='ocr_line' id='line_1_18' title="bbox 207 2158 1701 2223; baseline 0 -18"><span class='ocrx_word' id='word_1_104' title='bbox 207 2159 346 2222; x_wconf 87' lang='lat' dir='ltr'><strong>plane</strong></span> <span class='ocrx_word' id='word_1_105' title='bbox 380 2159 521 2207; x_wconf 89' lang='lat' dir='ltr'><strong>inane</strong></span> <span class='ocrx_word' id='word_1_106' title='bbox 560 2175 615 2207; x_wconf 85' lang='lat' dir='ltr'><strong>ac</strong></span> <span class='ocrx_word' id='word_1_107' title='bbox 658 2159 910 2206; x_wconf 80' lang='lat' dir='ltr'><strong>ridiculum</strong></span> <span class='ocrx_word' id='word_1_108' title='bbox 954 2160 1027 2223; x_wconf 79' lang='lat' dir='ltr'><strong>(ut</strong></span> <span class='ocrx_word' id='word_1_109' title='bbox 1060 2159 1304 2223; x_wconf 75' lang='lat' dir='ltr'><strong>diximus),</strong></span> <span class='ocrx_word' id='word_1_110' title='bbox 1343 2159 1571 2206; x_wconf 89' lang='lat' dir='ltr'><strong>referunt.</strong></span> <span class='ocrx_word' id='word_1_111' title='bbox 1613 2158 1701 2206; x_wconf 85' lang='lat' dir='ltr'><strong>Sed</strong></span> 
     </span>
    </p>
   </div>
   <div class='ocr_carea' id='block_1_10' title="bbox 206 2255 1770 2319">
    <p class='ocr_par' dir='ltr' id='par_1_10' title="bbox 206 2255 1770 2319">
     <span class='ocr_line' id='line_1_19' title="bbox 206 2255 1770 2319; baseline 0.001 -17"><span class='ocrx_word' id='word_1_112' title='bbox 206 2255 380 2303; x_wconf 89' lang='lat' dir='ltr'><strong>decimo</strong></span> <span class='ocrx_word' id='word_1_113' title='bbox 406 2257 489 2304; x_wconf 91' lang='lat' dir='ltr'><strong>illo</strong></span> <span class='ocrx_word' id='word_1_114' title='bbox 518 2273 642 2304; x_wconf 82' lang='lat' dir='ltr'><strong>anno</strong></span> <span class='ocrx_word' id='word_1_115' title='bbox 670 2272 805 2303; x_wconf 89' lang='lat' dir='ltr'><strong>curas</strong></span> <span class='ocrx_word' id='word_1_116' title='bbox 840 2256 1141 2319; x_wconf 88' lang='lat' dir='ltr'><strong>Principatus</strong></span> <span class='ocrx_word' id='word_1_117' title='bbox 1177 2257 1521 2319; x_wconf 83' lang='lat' dir='ltr'><strong>redintegratas</strong></span> <span class='ocrx_word' id='word_1_118' title='bbox 1559 2257 1701 2304; x_wconf 90' lang='lat' dir='ltr'><strong>fuisse</strong></span> <span class='ocrx_word' id='word_1_119' title='bbox 1766 2273 1770 2277; x_wconf 65' lang='lat'><strong><em>¹</em></strong></span> 
     </span>
    </p>
   </div>
   <div class='ocr_carea' id='block_1_11' title="bbox 205 2355 1768 2418">
    <p class='ocr_par' dir='ltr' id='par_1_11' title="bbox 205 2355 1768 2418">
     <span class='ocr_line' id='line_1_20' title="bbox 205 2355 1768 2418; baseline 0 -17"><span class='ocrx_word' id='word_1_120' title='bbox 205 2359 253 2401; x_wconf 89' lang='lat' dir='ltr'><strong>et</strong></span> <span class='ocrx_word' id='word_1_121' title='bbox 290 2356 461 2402; x_wconf 90' lang='lat' dir='ltr'><strong>mirum</strong></span> <span class='ocrx_word' id='word_1_122' title='bbox 501 2356 549 2402; x_wconf 90' lang='lat' dir='ltr'><strong>in</strong></span> <span class='ocrx_word' id='word_1_123' title='bbox 594 2355 782 2402; x_wconf 91' lang='lat' dir='ltr'><strong>modum</strong></span> <span class='ocrx_word' id='word_1_124' title='bbox 817 2360 994 2413; x_wconf 87' lang='lat' dir='ltr'><strong>auctas,</strong></span> <span class='ocrx_word' id='word_1_125' title='bbox 1024 2356 1216 2418; x_wconf 88' lang='lat' dir='ltr'><strong>propius</strong></span> <span class='ocrx_word' id='word_1_126' title='bbox 1254 2355 1461 2402; x_wconf 90' lang='lat' dir='ltr'><strong>intuenti</strong></span> <span class='ocrx_word' id='word_1_127' title='bbox 1487 2360 1534 2401; x_wconf 88' lang='lat' dir='ltr'><strong>et</strong></span> <span class='ocrx_word' id='word_1_128' title='bbox 1569 2370 1699 2417; x_wconf 84' lang='lat' dir='ltr'><strong>aequo</strong></span> <span class='ocrx_word' id='word_1_129' title='bbox 1765 2362 1768 2369; x_wconf 92' lang='grc'><strong><em>’</em></strong></span> 
     </span>
    </p>
   </div>
   <div class='ocr_carea' id='block_1_12' title="bbox 209 2453 1698 2701">
    <p class='ocr_par' dir='ltr' id='par_1_12' title="bbox 209 2453 1698 2701">
     <span class='ocr_line' id='line_1_21' title="bbox 209 2453 1629 2516; baseline 0 -17"><span class='ocrx_word' id='word_1_130' title='bbox 209 2453 361 2500; x_wconf 88' lang='lat' dir='ltr'><strong>animo</strong></span> <span class='ocrx_word' id='word_1_131' title='bbox 386 2470 459 2501; x_wconf 90' lang='lat' dir='ltr'><strong>res</strong></span> <span class='ocrx_word' id='word_1_132' title='bbox 486 2469 540 2500; x_wconf 88' lang='lat' dir='ltr'><strong>ac</strong></span> <span class='ocrx_word' id='word_1_133' title='bbox 561 2459 773 2516; x_wconf 86' lang='lat' dir='ltr'><strong>tempora</strong></span> <span class='ocrx_word' id='word_1_134' title='bbox 796 2453 1119 2515; x_wconf 87' lang='lat' dir='ltr'><strong>perpendenti,</strong></span> <span class='ocrx_word' id='word_1_135' title='bbox 1144 2453 1392 2500; x_wconf 88' lang='lat' dir='ltr'><strong>manifesto</strong></span> <span class='ocrx_word' id='word_1_136' title='bbox 1418 2459 1629 2516; x_wconf 84' lang='lat' dir='ltr'><strong>apparet.</strong></span> 
     </span>
     <span class='ocr_line' id='line_1_22' title="bbox 272 2634 1698 2701; baseline 0.004 -19"><span class='ocrx_word' id='word_1_137' title='bbox 272 2634 339 2682; x_wconf 88' lang='lat' dir='ltr'><strong>Ea</strong></span> <span class='ocrx_word' id='word_1_138' title='bbox 371 2651 533 2699; x_wconf 87' lang='lat' dir='ltr'><strong>nempe</strong></span> <span class='ocrx_word' id='word_1_139' title='bbox 559 2635 782 2698; x_wconf 86' lang='lat' dir='ltr'><strong>dignitas,</strong></span> <span class='ocrx_word' id='word_1_140' title='bbox 827 2635 961 2696; x_wconf 89' lang='lat' dir='ltr'><strong>cujus</strong></span> <span class='ocrx_word' id='word_1_141' title='bbox 995 2641 1214 2683; x_wconf 88' lang='lat' dir='ltr'><strong>naturam</strong></span> <span class='ocrx_word' id='word_1_142' title='bbox 1249 2653 1381 2684; x_wconf 88' lang='lat' dir='ltr'><strong>nemo</strong></span> <span class='ocrx_word' id='word_1_143' title='bbox 1419 2654 1471 2685; x_wconf 89' lang='lat' dir='ltr'><strong>ac</strong></span> <span class='ocrx_word' id='word_1_144' title='bbox 1505 2654 1562 2686; x_wconf 91' lang='lat' dir='ltr'><strong>ne</strong></span> <span class='ocrx_word' id='word_1_145' title='bbox 1602 2638 1698 2701; x_wconf 85' lang='lat' dir='ltr'><strong>ipse</strong></span> 
     </span>
    </p>
   </div>
   <div class='ocr_carea' id='block_1_13' title="bbox 211 2809 1697 2951">
    <p class='ocr_par' dir='ltr' id='par_1_13' title="bbox 211 2809 1697 2951">
     <span class='ocr_line' id='line_1_23' title="bbox 266 2809 1697 2882; baseline 0.001 -14"><span class='ocrx_word' id='word_1_146' title='bbox 266 2827 274 2848; x_wconf 84' lang='lat'>¹</span> <span class='ocrx_word' id='word_1_147' title='bbox 299 2826 400 2868; x_wconf 89' lang='lat' dir='ltr'><strong>Vide</strong></span> <span class='ocrx_word' id='word_1_148' title='bbox 428 2828 662 2882; x_wconf 63' lang='lat' dir='ltr'><strong>praesertim,</strong></span> <span class='ocrx_word' id='word_1_149' title='bbox 683 2827 791 2880; x_wconf 83' lang='lat' dir='ltr'><strong>apud</strong></span> <span class='ocrx_word' id='word_1_150' title='bbox 806 2826 912 2866; x_wconf 90' lang='lat' dir='ltr'><strong>Dio-</strong></span> <span class='ocrx_word' id='word_1_151' title='bbox 989 2809 1122 2879; x_wconf 79' lang='lat' dir='ltr'><strong>Sejani</strong></span> <span class='ocrx_word' id='word_1_152' title='bbox 1144 2824 1398 2866; x_wconf 77' lang='lat' dir='ltr'><strong>eversionem.</strong></span> <span class='ocrx_word' id='word_1_153' title='bbox 1430 2826 1581 2879; x_wconf 76' lang='lat' dir='ltr'><strong>(LVIII,</strong></span> <span class='ocrx_word' id='word_1_154' title='bbox 1606 2828 1697 2880; x_wconf 68' lang='lat'><strong>628,</strong></span> 
     </span>
     <span class='ocr_line' id='line_1_24' title="bbox 211 2897 1048 2951; baseline -0.001 -13"><span class='ocrx_word' id='word_1_155' title='bbox 211 2910 298 2938; x_wconf 90' lang='lat' dir='ltr'><strong>nem</strong></span> <span class='ocrx_word' id='word_1_156' title='bbox 316 2898 508 2949; x_wconf 77' lang='lat' dir='ltr'><strong>Cassium,</strong></span> <span class='ocrx_word' id='word_1_157' title='bbox 526 2899 662 2938; x_wconf 82' lang='lat' dir='ltr'><strong>faciem</strong></span> <span class='ocrx_word' id='word_1_158' title='bbox 679 2898 913 2951; x_wconf 80' lang='lat' dir='ltr'><strong>Romaepost</strong></span> <span class='ocrx_word' id='word_1_159' title='bbox 987 2897 1048 2948; x_wconf 85' lang='lat' dir='ltr'><strong>E.)</strong></span> 
     </span>
    </p>
   </div>
  </div>
 </body>
</html>
