2118 3308
643 311 780 346 01ROA
813 310 1046 344 'rfflERmM
1538 295 1598 357 37

100 399 249 447 tinuis
273 397 526 460 triumphis
551 396 783 444 exercitas
807 395 1106 458 deceperant.
1135 395 1240 442 Non
1261 393 1362 455 jam
1388 394 1596 456 quidem,

100 501 291 560 accepta
320 495 614 558 Philippensi
640 494 791 554 clade,
821 495 872 541 in
907 493 1111 557 quietem
1132 493 1389 556 publicam,
1414 491 1600 539 collatis

97 597 260 660 signis,
298 595 769 653 illi‘inferebantur;
812 594 890 641 sed
931 593 1106 656 apertis
1137 592 1311 655 praeliis
1335 596 1470 638 tectae
1497 606 1600 638 suc·

97 699 331 742 cesserant
367 693 741 755 conjurationes,
783 693 932 740 multo
965 691 1115 754 magis
1147 691 1350 738 Domino
1388 671 1478 753 ipsi
1504 690 1599 737 for-

98 793 365 840 midandae:
395 791 659 838 domesticae
687 791 812 853 apud
839 790 1102 852 Optimates
1124 788 1267 851 copiae
1294 793 1593 850 supererant,

97 892 414 954 gladiatorum
451 891 630 937 scilicet
669 906 722 936 ac
759 904 1000 936 servorum
1035 888 1267 947 nationeS,
1313 888 1486 950 quibus
1525 903 1597 934 re-

97 989 497 1052 pente‘immissiS,
539 988 882 1050 Capitolioque,
919 993 976 1034 ut
1005 987 1136 1046 olim,
1164 987 1357 1045 insesso,
1396 987 1596 1033 circum-

99 1094 300 1136 ventave
343 1088 504 1146 Curia,
550 1102 778 1134 summam
826 1102 980 1133 rerum
1031 1091 1212 1133 vertere
1256 1091 1303 1133 et
1347 1086 1598 1132 immutare

108 1192 340 1251 poterant.

160 1285 416 1348 Flagrabat
443 1291 552 1333 ante
578 1287 738 1333 omnia
762 1287 810 1333 in
839 1286 911 1333 his
932 1286 1198 1349 pectoribus
1222 1301 1355 1332 sacra
1381 1284 1595 1347 quaedam

93 1384 358 1446 indignatio
384 1384 614 1431 Patricios
628 1378 689 1431 ‘in
715 1384 829 1431 istos
854 1385 953 1447 qui,
980 1386 1037 1431 ab
1058 1385 1198 1439 ‚avita
1216 1384 1398 1430 ratione
1424 1383 1595 1430 descis-

93 1487 266 1541 centes,
296 1488 486 1546 repente
511 1483 762 1546 populares
786 1483 920 1541 facti,
957 1483 1084 1530 cives
1109 1499 1255 1530 novos
1283 1498 1337 1530 ac
1368 1482 1596 1529 semibar—

93 1582 230 1628 baros
255 1582 304 1629 in
325 1583 488 1629 urbem
515 1582 704 1639 Quirini
731 1587 777 1629 et
794 1583 843 1629 in
874 1582 1099 1630 Senatum
1127 1582 1410 1629 effuderant.
1442 1583 1594 1639 Quam

95 1686 250 1727 autem
281 1681 589 1743 inexpiabile,
618 1697 761 1743 quam
790 1686 924 1727 atrox
959 1681 1081 1727 illud
1114 1681 1291 1737 odium,
1320 1687 1460 1728 testes
1488 1682 1594 1749 Spl-

93 1778 276 1826 lanaein
299 1779 428 1827 Villa
452 1780 651 1827 Publica
672 1780 835 1839 caedes,
866 1780 999 1827 testis
1027 1780 1146 1827 Julii
1174 1780 1372 1828 Caesaris
1396 1782 1592 1828 obtrun-

98 1877 246 1924 catio!
289 1878 452 1935 Hunc,
491 1878 662 1940 perfide
699 1879 759 1925 ad
793 1878 932 1940 pedes
967 1877 1137 1942 Maqm·
1164 1880 1374 1942 Pompeii
1417 1880 1591 1942 viginti

92 1975 242 2023 tribus
284 1977 559 2024 vulneribus
606 1977 894 2035 confossum,
944 1977 1075 2039 quia-
1105 1993 1298 2040 sperans
1340 1978 1593 2026 diuturnas

91 2074 303 2121 civilium
342 2075 569 2123 scelerum
611 2075 736 2122 vices
775 2091 906 2137 posse
948 2075 1197 2123 clementia
1238 2078 1430 2125 tandem
1469 2078 1587 2137 sisti,

30 2159 34 2163 ⁸
90 2174 339 2221 victoriam
368 2174 492 2221 ultro
514 2189 646 2221 suam
667 2180 1031 2236 temperaverat,
1052 2175 1254 2238 [sibimet
1273 2176 1362 2238 ipsi
1387 2177 1591 2225 Caesares

92 2279 207 2319 ante
246 2273 405 2320 oculos
460 2273 781 2321 indesinenter
815 2274 1157 2336 proponebant.
1189 2275 1249 2322 Et
1288 2292 1431 2338 quum
1477 2278 1591 2325 adeo

90 2370 320 2432 insignem
366 2371 520 2418 virum
556 2388 641 2419 nec
689 2372 854 2434 patriae
901 2373 1128 2435 pericula,
1168 2375 1255 2422 tali
1301 2376 1591 2424 moderatore

90 2468 285 2529 egentis,
316 2485 414 2532 ⁸nec
442 2470 529 2517 illa
561 2471 705 2518 Tullii
750 2487 859 2531 vox,
901 2487 985 2533 pro
1026 2472 1269 2521 Dictatore
1311 2475 1588 2524 Marcellum

91 2573 339 2616 revocante
358 2569 544 2616 veniam
564 2570 885 2632 efflagitantis,
916 2586 1103 2619 servare
1127 2574 1413 2636 potuissent3
1444 2593 1589 2638 quum

92 2667 198 2714 dein
234 2668 492 2730 Augustus,
535 2670 645 2717 licet
679 2670 953 2733 plerumque
995 2672 1141 2719 lorica
1166 2679 1213 2720 et
1252 2675 1591 2725 valentissimis

93 2766 254 2814 amieis
303 2768 514 2831 septus¹,
570 2769 709 2816 toties
755 2770 957 2831 pugione
1010 2772 1186 2833 petitus
1238 2773 1426 2832 suisset,
1475 2776 1587 2838 quid

145 2982 154 3003 ¹
180 2983 289 3023 Suet.
308 2984 511 3036 Auyuseus.
527 3008 574 3016 —-
590 2985 666 3025 Dio
689 2986 799 3026 Cass.
875 2987 1011 3038 XLVI,
1032 3002 1071 3042 p.
1094 2990 1185 3039 321,
1207 2990 1246 3029 6.
