2118 3308
443 346 503 390 92
1054 343 1113 374 me
1147 342 1310 374 murro

444 443 593 489 tribus
630 458 675 489 se
715 443 964 503 aliquando
997 442 1045 487 in
1087 441 1289 488 deterius
1326 440 1499 487 mutari
1533 455 1678 502 posse,
1715 439 1916 501 dumque

445 542 625 599 optaret
650 554 695 583 se
724 538 936 599 intercipi
974 537 1128 599 potius
1153 553 1291 599 quam
1312 535 1567 603 corrumpi,
1597 536 1717 583 Deos
1748 534 1917 596 suppli-

444 649 554 679 cans
587 639 641 679 ut
676 634 762 679 sibi
799 638 1085 680 constantem
1117 632 1165 678 in
1201 631 1419 693 periculis
1452 631 1673 689 animum,
1712 631 1917 692 quietam

445 735 644 804 mentem
670 734 716 774 ct
741 727 933 774 humani
959 727 1201 790 divinique
1230 726 1350 788 juris
1375 741 1619 774 memorem
1659 730 1914 784 servarent,

446 826 512 871 ita
537 830 591 871 ut
619 824 741 886 apud
767 829 971 885 posteros
1002 838 1029 869 a
1063 823 1316 884 majoribus
1341 822 1468 869 haud
1503 821 1698 884 degener
1733 822 1919 869 habere-

444 919 569 967 tur¹.
600 921 769 966 Rerum
795 919 971 965 scilicet
997 933 1049 965 ac
1073 916 1330 980 temporum
1356 917 1569 977 callidus,
1591 922 1786 965 noverat
1810 917 1919 964 civi-

444 1018 571 1076 tatis,
602 1017 806 1063 moribus
826 1021 872 1062 et
898 1015 1141 1062 concordia
1173 1015 1373 1061 carentis
1403 1029 1546 1082 eoque
1572 1014 1629 1060 ad
1655 1014 1913 1071 servitium,

444 1120 499 1161 ut
524 1115 620 1176 ipse
658 1129 741 1160 nec
776 1112 914 1159 semel
943 1116 1130 1173 questus
1159 1116 1244 1170 est,
1282 1115 1458 1172 paratae
1471 1108 1507 1169 2,
1534 1115 1754 1157 rectorem
1778 1125 1919 1171 prope

444 1208 736 1257 ineluctabili
773 1209 948 1270 impetu
977 1208 1033 1254 ad
1073 1207 1369 1270 tyrannidem
1406 1207 1548 1268 rapi:
1586 1212 1778 1253 noverat
1810 1222 1920 1268 prae-

445 1313 570 1354 terea
588 1305 764 1353 homini
786 1304 992 1363 cuilibet,
1021 1308 1189 1350 cuncta
1207 1302 1257 1349 in
1277 1303 1358 1349 illo
1377 1302 1564 1364 fastigio
1590 1302 1648 1349 ad
1667 1303 1920 1365 explendas

445 1418 552 1449 suas
590 1401 809 1448 libidines
843 1401 1049 1462 undique
1077 1403 1291 1461 prompta
1326 1399 1591 1460 reperienti,
1629 1400 1915 1457 servitutem,

445 1499 586 1544 etiam
608 1497 918 1558 subjectorum
945 1496 1169 1542 servitute
1193 1495 1464 1557 turpiorem,
1495 1495 1756 1557 impendere
1783 1512 1792 1542 :
1823 1497 1923 1557 qui-

447 1597 534 1642 bus
559 1611 666 1656 ergo
692 1600 792 1641 tum
828 1593 1061 1655 periculiS,
1089 1598 1190 1639 tum
1220 1591 1450 1638 illecebris
1475 1607 1521 1639 se
1553 1593 1762 1639 resistere
1793 1608 1922 1654 posse

450 1691 641 1738 minime
685 1690 931 1748 confidens,
975 1689 1233 1751 priorisque
1266 1688 1421 1734 laudis
1462 1689 1652 1747 anxius,
1695 1705 1778 1735 sua
1825 1689 1922 1751 ipse

387 1846 390 1852 s
451 1789 646 1847 scelera,
695 1804 830 1835 suum
870 1788 1066 1834 dedecus
1107 1786 1207 1848 jam
1254 1787 1589 1849 expavescebat
1620 1802 1630 1832 t
1675 1792 1920 1848 paventem

450 1887 613 1948 utique
638 1885 855 1933 demersit
879 1885 1175 1947 Principatus
1200 1883 1286 1931 illa
1311 1883 1443 1946 quasi
1468 1883 1627 1930 fatalis
1654 1879 1848 1945 vertig‘o.

518 1984 794 2044 Quanquam
843 1998 923 2044 per
966 1982 1197 2028 foeditates
1241 1981 1432 2040 saltem,
1481 1996 1677 2043 quarum
1722 1980 1924 2041 imagine

454 2080 642 2128 Tacitus
677 2079 796 2126 sexti
826 2077 936 2125 libri
961 2077 1201 2124 exordium
1229 2077 1501 2135 maculavit,
1531 2076 1766 2124 Tiberium
1791 2077 1925 2123 devo-

454 2177 606 2223 lutum
629 2191 724 2223 esse
744 2191 834 2222 non
855 2174 1127 2222 crediderim
1149 2189 1159 2221 :
1189 2174 1343 2220 obstat
1370 2173 1476 2220 fidei
1504 2174 1623 2220 fessa
1646 2173 1768 2221 senis
1793 2178 1920 2231 aetas,

456 2279 606 2321 metus
646 2272 836 2332 assidui,
877 2276 1150 2333 retentaque
1185 2286 1361 2333 semper
1402 2271 1476 2317 vel
1513 2270 1562 2317 in
1603 2270 1924 2332 voluptatibus
1987 2293 1990 2295 v

456 2369 714 2417 diffidentia
742 2384 752 2415 :
783 2367 970 2415 videtur
996 2367 1150 2429 potius
1175 2366 1316 2426 fama,
1347 2367 1485 2413 tertio
1516 2366 1702 2425 Caesari,
1734 2365 1924 2428 imperi-

454 2473 585 2516 tante
606 2467 710 2528 Traj
721 2483 824 2525 ano,
845 2467 1049 2519 maxime
1070 2466 1279 2525 adversa,
1302 2465 1585 2527 Caprearum
1609 2465 1921 2524 solitudinem,

456 2565 767 2613 obscaenitatis
790 2563 1039 2624 cujuslibet
1062 2577 1294 2624 capacem,
1323 2561 1529 2623 vulgatis
1553 2561 1662 2608 olim
1684 2560 1806 2624 apud
1831 2562 1928 2608 Pri-

456 2677 603 2710 mores
639 2661 813 2708 civium
846 2659 1037 2721 flagitiis
1067 2657 1379 2720 complevisse.
1408 2657 1574 2704 Nonne
1598 2657 1768 2704 Tiberii
1805 2657 1920 2715 vita,

513 2870 521 2890 ⁴
546 2871 654 2909 Suet.
693 2869 771 2909 Tib.
799 2869 950 2910 van.
980 2891 1029 2897 —-
1059 2869 1157 2907 Ann.
1282 2865 1296 2887 ²
1317 2865 1415 2915 Ann,
1437 2865 1499 2914 111,
1517 2863 1583 2904 65.

460 2940 524 2989 1V,
546 2941 608 2979 38.
