2118 3308
702 549 1155 606 CONVCLUSIO.

583 781 598 799 β

243 906 399 968 Igitur
424 906 657 954 Romanos
677 912 724 954 et
749 907 981 954 infelicem
1007 907 1210 966 Augusti
1235 906 1462 953 haeredem
1486 905 1582 968 egit
1600 922 1683 968 per

184 1005 328 1053 caedes
369 1005 727 1068 opprobriaque,
767 1021 858 1053 non
901 1005 1070 1052 insana
1108 1004 1322 1067 quaedam
1362 1003 1678 1066 proditionum

183 1119 236 1151 ac
272 1103 453 1151 servitii
487 1103 650 1163 libido,
692 1119 776 1151 nec
811 1103 983 1167 perfide
1019 1103 1326 1166 compositum
1360 1103 1681 1164 tenaciterque

182 1208 433 1252 servatum
457 1203 782 1266 perversitatis
818 1209 865 1251 et
902 1204 1110 1250 infamiae
1142 1202 1414 1260 consilium3
1445 1202 1524 1248 sed
1551 1201 1675 1259 illos,

179 1318 360 1349 morum
389 1302 658 1364 petulantia
692 1301 1047 1364 studiorumque
1078 1301 1292 1348 civilium
1328 1300 1498 1358 rabieS,
1538 1299 1677 1345 mise-

176 1399 272 1447 rior
297 1399 439 1447 etiam
472 1415 612 1462 quam
638 1398 847 1464 turpior,
877 1398 1004 1445 hunc
1035 1414 1164 1458 vero,
1192 1399 1444 1446 continuus
1466 1404 1615 1444 terror
1633 1404 1680 1444 et

178 1497 529 1559 omnipotentiae
566 1496 782 1544 omnibus
818 1497 1040 1560 periculis
1074 1497 1294 1559 subjectae
1329 1497 1677 1548 irritamentum

176 1602 223 1643 et
249 1595 548 1644 conscientia.
608 1625 610 1628 >

240 1694 374 1754 Quod
399 1710 544 1758 quum
570 1710 653 1757 per
676 1695 947 1742 testimonia
979 1711 1081 1758 quae
1114 1696 1190 1742 vel
1222 1695 1402 1743 caeteris
1432 1711 1456 1741 e
1481 1694 1676 1756 scripto-

175 1792 322 1852 ribus,
348 1792 426 1839 vel
446 1807 499 1839 ac
517 1792 774 1854 praesertim
800 1808 858 1839 ex
884 1792 983 1854 ipso
1004 1792 1168 1840 Tacito
1192 1798 1412 1855 excerpta
1434 1792 1671 1855 proposui,

174 1889 484 1952 explanatum
533 1906 629 1938 esse
673 1890 918 1949 confidam,
966 1906 1092 1938 nunc
1134 1896 1283 1938 totam
1325 1892 1459 1939 illam
1504 1891 1676 1938 thesim

175 1987 330 2034 verbis
355 2003 495 2049 quam
522 1987 817 2049 paucissimis
843 1988 1083 2036 includam
1097 2005 1110 2048 ;
1149 1994 1296 2052 utque
1321 1989 1511 2037 Tacitus
1542 2005 1677 2037 suam

174 2085 231 2133 de
268 2086 443 2133 Tiberii
475 2085 634 2133 indole
668 2087 934 2150 opinionem
977 2088 1051 2134 his
1084 2094 1316 2151 postremo
1342 2090 1499 2136 verbis
1525 2094 1675 2136 totam

174 2183 428 2246 expressit*
464 2199 474 2230 1
517 2202 539 2229 ε(
563 2185 618 2231 In
670 2185 843 2231 scelera
883 2185 1022 2232 simul
1075 2201 1128 2232 ac
1162 2186 1389 2234 dedecora
1431 2187 1665 2249 prorupit,

179 2300 201 2328 «
231 2275 497 2346 postquam,
539 2288 716 2330 remoto
754 2284 932 2346 pudore
959 2300 1012 2331 ac
1038 2289 1183 2344 metu,
1214 2300 1296 2332 suo
1323 2290 1513 2332 tantum
1539 2285 1673 2348 inge-

180 2399 201 2426 «
232 2382 308 2429 nio
340 2382 564 2429 uteba-tur
597 2400 640 2442 ›),
682 2398 763 2428 nos
795 2398 850 2429 ea
884 2383 1162 2431 contendere
1200 2385 1436 2431 sententia
1471 2385 1667 2431 audebi—

174 2496 309 2527 mus:
368 2499 389 2525 «
420 2481 475 2528 In
519 2481 693 2531 scelera
733 2482 870 2527 simul
912 2498 964 2527 ac
1007 2482 1233 2528 dedecora
1285 2483 1536 2530 devolutus
1580 2489 1665 2543 cst,

179 2595 201 2623 α
230 2584 494 2640 postquam,
538 2579 761 2624 continuo
803 2594 885 2625 nec
919 2579 1118 2625 absurdo
1156 2586 1284 2627 metu
1323 2582 1667 2643 pessumdatus,

179 2692 201 2720 «
231 2675 378 2722 multo
404 2677 558 2722 minus
580 2693 661 2723 suo
682 2692 824 2738 quam
844 2677 1144 2739 principatus
1168 2679 1358 2740 ingenio
1376 2682 1617 2728 utebatur.
1644 2699 1666 2726 »

243 2772 348 2830 Qua
383 2781 554 2820 cuncta
580 2775 844 2821 resolvendi
882 2776 1080 2831 ratione,
1118 2784 1216 2823 tum
1248 2785 1429 2824 naturae
1454 2780 1672 2826 humanae

175 2988 177 2990 -
231 2955 238 2977 ¹
262 2958 360 2996 Ann.
382 2956 447 3004 vl,
470 2955 531 2995 51.
