2118 3308
635 249 773 284 effleA
807 249 1037 282 mnf-:amm
1530 230 1589 277 35

67 335 218 398 vapud
255 334 485 382 exercitus
524 335 801 397 Imperator,
845 334 969 396 apud
1012 331 1279 395 provincias
1310 316 1588 387 'Proconsul,

93 434 226 496 quasi
264 439 449 496 recepta
491 433 539 479 in
584 448 631 480 se
667 437 769 479 tota
807 430 1083 495 Republica,
1134 430 1402 477 inauditam
1449 434 1593 474 antea

93 533 344 596 quamdam
396 532 724 580 auctoritatem
772 531 860 579 sibi
911 535 1257 594 composuerat,
1304 543 1423 591 quae,
1450 526 1596 574 nullis

94 631 326 695 descripta
371 632 584 679 terminis
636 629 968 693 vocabulisque
998 629 1202 677 maxime
1236 629 1384 692 gratis
1422 625 1595 690 popu-lo

94 731 298 794 signata,
326 730 560 794 plerisque
601 731 784 778 civibus
810 747 896 794 par
928 731 1067 792 longo
1093 729 1282 778 cuidam
1326 729 1598 790 interregno

96 829 246 877 videri
270 828 451 876 debuit.
478 828 604 876 Mira
624 828 827 891 denique
853 833 952 875 arte
976 827 1211 891 Principis
1236 833 1394 891 partes
1419 833 1596 890 egerat,

97 934 269 976 natura
293 927 436 976 comis
459 928 795 991 privatumque
819 927 970 974 multa
996 943 1102 974 cum
1129 926 1322 974 solertia
1350 925 1603 988 simulans,

97 1035 145 1076 et
167 1028 374 1077 omnium
412 1028 624 1090 plausus,
674 1031 865 1091 peracta
897 1026 1080 1085 fabula,
1118 1042 1306 1090 prorsus
1330 1031 1603 1073 meruerat:

99 1127 422 1190 Principatum
448 1142 557 1174 vero
582 1126 738 1189 ipsum
759 1125 1028 1173 ostenderat
1051 1125 1208 1187 potius
1228 1141 1369 1187 quam
1389 1125 1609 1186 condide-

99 1233 190 1287 rat,
241 1226 466 1288 nullaque
488 1226 603 1272 satis
629 1229 756 1272 certa
778 1225 879 1287 lege
900 1223 1121 1272 innixum
1152 1225 1411 1286 reliquerat
1434 1224 1464 1272 ¹.

166 1326 270 1387 Ipso
291 1325 441 1386 igit-ur
465 1325 679 1386 Augusto
712 1323 972 1383 deficiente,
1009 1323 1129 1370 nihil
1155 1329 1254 1371 tam
1281 1325 1468 1384 stabile,
1509 1332 1609 1372 tam

100 1423 404 1486 compositum
431 1427 674 1486 supererat
699 1423 823 1485 quod
842 1422 1090 1485 repentina
1110 1423 1334 1485 quaelibet
1355 1430 1613 1487 tempestas

106 1527 189 1570 aut
222 1521 437 1584 abripere
461 1537 553 1568 non
581 1521 762 1568 valeret
787 1526 871 1568 aut
897 1519 1127 1581 disjicere.

168 1621 389 1669 Protinus
417 1625 575 1667 autem
600 1636 674 1668 res
698 1619 894 1667 maximi
930 1621 1154 1667 momenti
1190 1623 1436 1682 agebatur,
1467 1618 1613 1670 liber-

105 1729 256 1782 tasne,
293 1738 397 1785 quae
422 1722 794 1784 haudquaquam
837 1722 1015 1769 abolita
1064 1722 1236 1781 fuerat,
1281 1722 1361 1769 sed
1397 1727 1613 1769 tantum-

106 1819 240 1867 modo
266 1819 391 1882 apud
412 1836 560 1866 unum
596 1820 939 1883 aliquantisper
975 1820 1199 1882 seposita,
1232 1837 1358 1867 nunc
1397 1801 1617 1867 omnibus

107 1917 448 1978 restitueretur,
478 1934 538 1964 an
563 1933 872 1966 successorem
897 1919 1140 1980 Augustus
1163 1920 1379 1978 haberet,
1408 1936 1610 1982 eumque

107 2033 244 2078 quem
270 2017 368 2080 ipse
395 2018 611 2064 voluerat-
638 2034 697 2064 an
721 2018 883 2064 alium.
915 2018 1129 2065 Ineundo
1162 2018 1310 2078 igitur
1344 2018 1426 2064 illo
1456 2024 1609 2065 certa-

108 2115 250 2174 mine,
268 2120 430 2163 erectae
455 2121 503 2161 et
518 2115 737 2162 accinctae
757 2120 915 2178 partes
940 2131 1099 2162 omnes
1124 2116 1452 2176 constiterant,
1485 2132 1606 2178 quae,

110 2213 290 2261 viribus
313 2230 396 2276 per
422 2213 741 2276 quadraginta
766 2213 937 2276 quietis
965 2230 1111 2261 annos
1121 2214 1326 2274 refectis,
1347 2214 1623 2277 praeteritas

102 2291 356 2375 ‘longarum
390 2312 762 2361 decertationum
794 2312 1005 2360 miserias
1033 2313 1206 2373 oblitae,
1244 2329 1369 2360 nunc
1401 2314 1508 2361 odia
1540 2291 1610 2360 re-

110 2417 243 2473 posta
264 2427 458 2474 spesque
478 2417 728 2473 praesentes
755 2412 1080 2458 tantummodo
1107 2412 1435 2459 meminerant.

177 2510 387 2566 Quarum
430 2509 688 2556 factionum
732 2525 995 2568 numerum,
1033 2511 1191 2568 robur,
1234 2491 1421 2558 diver-sa
1455 2511 1613 2559 studia

117 2623 349 2654 recensere
378 2623 531 2654 nonne
562 2608 757 2668 scriptor
787 2608 1105 2669 principatum
1135 2609 1310 2656 Tiberii
1337 2616 1617 2658 narraturus

171 2823 275 2863 ‘Dio
328 2824 518 2874 Cassius,
582 2823 825 2879 Te'b.>1„111,
895 2824 1141 2863 nisu-atione.
1179 2848 1188 2878 '.
1239 2860 1241 2862 .

115 2901 152 2947 p.
178 2893 266 2941 50‘2„
289 2896 384 2944 5063
419 2898 466 2936 de
495 2897 662 2948 Augusti
694 2897 827 2935 adrni-
