2118 3308
439 325 500 367 00
1051 319 1108 350 me
1142 318 1302 350 'merso

440 402 604 458 Taciti,
643 416 718 447 eos
752 407 975 461 tanquam
1014 398 1285 445 vilissimam
1324 398 1506 446 demum
1537 399 1822 461 proditorum
1859 415 1912 447 ac

440 499 708 545 sicariorum
752 497 997 543 colluviem
1041 498 1334 542 contemnas!
1377 496 1570 544 Annales
1594 496 1716 543 enim
1752 496 1912 543 miser-

441 595 571 641 rimis
604 594 700 640 illis
730 593 1013 654 temporibus
1041 593 1234 653 speciem
1279 592 1353 638 vel
1386 591 1623 639 foediorem
1652 607 1790 654 quam
1828 591 1915 638 mi·

441 691 655 737 seriorem
691 689 898 735 indidere
925 704 935 735 :
965 689 1031 735 ibi
1058 703 1220 750 nempe
1245 687 1464 735 videntur
1487 688 1681 735 Romani
1716 687 1913 750 privatis

442 793 626 833 tantum
652 786 925 832 libidinibus
952 786 1059 843 acti,
1097 800 1179 847 per
1207 784 1379 831 scelera
1412 789 1460 832 et
1493 784 1714 832 dedecora
1749 800 1911 846 proru-

441 885 560 946 pisse
570 899 582 942 ;
613 883 832 930 videntur
867 888 1054 945 propter
1077 883 1312 945 privatam
1352 882 1501 930 solum
1541 882 1787 942 invidiam,
1823 897 1914 930 am-

442 980 682 1038 bitionem,
726 979 991 1037 avaritiam,
1026 994 1107 1041 per
1138 983 1207 1026 tot
1238 993 1398 1037 annos,
1433 978 1657 1026 innuente
1689 984 1908 1042 tyranno,

441 1076 641 1122 fratrum
681 1075 986 1121 innocuorum
1019 1074 1246 1136 sanguine
1294 1089 1460 1121 manus
1501 1089 1608 1121 suas
1648 1075 1866 1137 polluisse
1897 1091 1909 1122 :

441 1187 548 1233 ergo
590 1172 811 1218 scelerum
865 1186 1015 1217 causae
1060 1170 1306 1217 sceleribus
1347 1169 1457 1231 ipsis
1503 1171 1733 1233 turpiores
1778 1171 1915 1219 exsti-

443 1268 642 1314 tissent?
674 1268 778 1314 Non
814 1268 883 1314 ita
913 1283 923 1314 ε
963 1283 1036 1326 ne,
1082 1268 1298 1325 obtestor,
1341 1282 1442 1314 eam
1479 1267 1694 1315 humanae
1734 1274 1912 1316 naturae

445 1366 725 1412 calumniam
757 1365 1028 1423 inferamus,
1051 1369 1106 1410 ut
1129 1363 1407 1411 arbitremur
1424 1379 1639 1426 magnam
1659 1366 1915 1427 quamlibet

445 1469 626 1525 gentem
675 1462 877 1524 potuisse
922 1477 1129 1523 unquam
1168 1460 1398 1521 abjectum
1433 1461 1583 1508 nescio
1632 1462 1744 1524 quid
1779 1462 1912 1524 perfi-

444 1559 606 1605 dorum
633 1558 897 1605 carnificum
922 1573 1061 1619 pecus
1084 1557 1198 1604 fieri.

510 1662 683 1708 Multos
708 1661 894 1723 quidem
925 1661 1048 1707 cives
1072 1661 1269 1722 publicae
1299 1661 1586 1723 tempestatis
1616 1661 1823 1709 tumultu
1857 1663 1915 1709 ad

445 1759 696 1821 explendas
732 1759 932 1820 proprias
957 1758 1175 1804 libidines
1199 1759 1400 1819 turpiter
1435 1759 1600 1805 abusos
1630 1774 1797 1820 negare
1823 1775 1913 1805 non

448 1857 619 1914 ausim3
649 1855 698 1902 id
720 1856 842 1902 enim
866 1855 1066 1901 maxime
1091 1855 1351 1901 luctuosum
1373 1859 1420 1901 et
1449 1855 1496 1901 in
1522 1859 1753 1917 posterum
1773 1855 1915 1902 etiam

445 1952 685 2000 exitiabile
709 1952 827 1998 talia
855 1956 1066 2013 tempora
1091 1950 1212 1998 ferre
1236 1951 1407 1998 solent!
1442 1951 1615 1998 Multos
1650 1967 1834 2013 prorsus
1859 1966 1916 1998 ex

445 2051 547 2098 istis
577 2034 878 2107 delatoribuS,
914 2063 1110 2110 quorum
1148 2048 1451 2110 rapacitatem
1488 2062 1541 2094 ac
1580 2047 1707 2094 dolos
1741 2047 1912 2110 quivis,

446 2153 500 2194 ut
524 2147 728 2204 Tacitus,
757 2150 966 2207 prompte
986 2145 1047 2191 sit
1065 2149 1346 2203 exsecratus,
1367 2143 1501 2191 malae
1523 2159 1623 2206 spes
1641 2144 1912 2191 elicuerant.

511 2254 674 2299 Nonne
700 2266 807 2298 vero
843 2251 998 2312 plures
1028 2250 1217 2296 sinceris
1251 2265 1362 2311 erga
1396 2255 1597 2297 veterem
1632 2255 1714 2297 aut
1745 2264 1916 2296 novum

450 2365 604 2397 rerum
648 2353 820 2395 statum
866 2347 1031 2394 studiis
1071 2348 1360 2409 agebantur?
1406 2349 1572 2396 Nonne
1611 2346 1915 2410 plurimorum

448 2446 789 2507 eloquentiam,
834 2459 974 2505 quam
1021 2444 1208 2491 Tacitus
1246 2443 1344 2506 ipse
1381 2444 1569 2491 minime
1615 2442 1918 2506 spernendam

449 2542 681 2589 confessus
713 2546 798 2598 est,
837 2539 995 2600 aliqua
1027 2538 1163 2584 officii
1202 2539 1376 2601 privati
1408 2539 1483 2585 vel
1523 2539 1699 2601 publici
1740 2539 1914 2601 opinio,

449 2639 570 2685 falsa
616 2637 832 2693 fortasse,
876 2639 999 2681 certe
1046 2649 1137 2680 non
1180 2633 1412 2692 indecora,
1461 2633 1801 2681 accendebat'?
1845 2636 1921 2682 Ita

506 2849 514 2868 ¹
538 2848 596 2887 Dc
614 2847 730 2886 variis
750 2846 890 2886 civium
920 2845 1024 2885 circa
1042 2845 1154 2885 Prin·
1226 2843 1418 2893 Cassium,
1447 2844 1541 2892 LIII,
1574 2855 1614 2895 p.
1634 2841 1712 2894 ’496
1743 2841 1811 2894 (dc
1832 2841 1920 2882 Au-

451 2918 618 2970 eipatum
666 2916 806 2955 studiis
858 2915 947 2955 vide
989 2914 1154 2955 Dionem
1226 2913 1371 2965 gusto).
