2118 3308
692 261 827 293 (mm
864 261 1095 293 'sumnum
1527 297 1531 303 ,
1597 244 1649 289 :31

155 345 345 409 aliquod
372 344 584 392 abditum
612 343 1010 407 pei-mutaturos',
1029 342 1376 390 contumaciam
1399 341 1661 390 demiratur

153 444 350 506 periculi
377 458 645 506 spernacem
669 459 682 502 ;
713 443 792 490 sed
813 458 973 490 eorum
1000 458 1161 490 rursus
1181 441 1262 504 qui
1284 440 1518 503 Principis
1538 440 1662 487 vires

154 549 240 590 aut
262 542 544 604 dignitatem
586 541 860 590 confirmare
886 543 1095 602 student,
1140 540 1401 590 sententias
1437 544 1493 586 ut
1532 554 1663 586 mera

152 641 379 688 ridiculas
406 640 678 688 adulatione
704 641 973 701 miseratur,
1017 641 1283 688 adulationi
1326 639 1567 687 interdum
1596 654 1663 685 as-

153 740 348 802 signans
373 754 428 785 ea
454 754 558 800 quae
588 738 832 800 sapientiae
865 744 913 786 et
954 740 1084 801 pacis
1126 755 1248 785 curae
1290 738 1447 785 forent
1490 737 1664 785 rectius

156 836 390 898 adscripta
421 836 575 903 :quid
612 835 755 896 juvat
793 838 1013 899 obsequio
1063 853 1175 900 erga
1220 835 1444 898 Sejanum
1490 835 1664 883 referre

154 935 536 997 proconsulatum
572 952 599 982 a
638 936 815 998 Lepido
853 942 1138 996 recusatum,
1182 953 1328 999 quum
1363 941 1435 983 tot
1472 940 1665 998 tamque

155 1033 330 1081 validis
380 1034 438 1081 de
490 1034 644 1080 causis
698 1034 911 1081 oblatum
964 1050 1136 1081 munus
1184 1033 1391 1096 Lepidus
1440 1033 1660 1091 declinet,

156 1149 396 1196 quumque
421 1133 588 1195 Lepidi
616 1134 885 1181 libertatem
905 1133 1097 1180 Tacitus
1122 1133 1220 1195 ipse
1252 1132 1345 1180 alio
1372 1132 1472 1179 loco
1502 1131 1666 1179 lauda-

159 1229 353 1279 verit2‘e

226 1332 315 1381 Sed
340 1332 478 1394 longe
505 1332 710 1380 doctiore
735 1333 1071 1380 malevolentia
1097 1332 1221 1380 circa
1246 1332 1513 1394 Majestatis
1534 1332 1667 1394 judi-

161 1432 233 1479 cia
253 1430 451 1493 scriptor
469 1446 581 1476 usus
602 1435 672 1477 est
700 1446 709 1476 ;
740 1430 1021 1477 illiberalem
1042 1431 1231 1492 quidem
1249 1430 1400 1493 legem
1418 1431 1552 1479 illam
1572 1448 1667 1494 qua

161 1532 420 1593 Augustus,
451 1529 561 1576 licet
587 1529 793 1591 prudens
823 1529 1071 1577 civilitatis
1097 1536 1372 1590 ostentator,
1420 1531 1667 1595 Principa-

159 1635 262 1677 tum
287 1634 452 1676 contra
474 1628 682 1675 hostium
709 1628 905 1675 insidias
924 1630 1205 1691 praemunire
1232 1635 1419 1678 coactus
1439 1636 1558 1690 erat,
1596 1630 1669 1679 Ti-

158 1728 334 1787 berius,
362 1743 409 1774 se
430 1726 580 1774 multo
606 1725 837 1773 infensius
856 1726 953 1789 peti
983 1727 1208 1787 sentiens,
1245 1743 1338 1775 non
1365 1745 1477 1776 sane
1510 1735 1667 1787 sustu-

159 1827 280 1874 lerat
295 1843 309 1886 ;
360 1826 439 1873 sed
488 1841 580 1872 non
623 1839 704 1887 per
751 1839 858 1871 eum
897 1825 1029 1872 stetit
1073 1825 1189 1887 quin
1227 1825 1357 1873 intra
1393 1827 1505 1874 boni
1554 1843 1668 1893 usus

157 1924 394 1972 terminos
409 1923 731 1971 contineretur
761 1939 771 1970 ε
805 1922 954 1985 ipsius
977 1923 1103 1970 enim
1128 1925 1346 1986 precibus
1371 1931 1467 1973 tres
1489 1926 1558 1973 rei
1583 1932 1667 1974 aut

158 2023 394 2085 graviore,
426 2027 509 2069 aut
534 2021 679 2080 omni,
710 2037 845 2084 paena
870 2022 1060 2069 liberati
1078 2022 1126 2081 53
1173 2023 1265 2070 duo
1291 2025 1348 2070 ab
1376 2025 1476 2088 ipso
1502 2032 1667 2073 contra

163 2120 362 2169 Senatus
383 2120 505 2167 iram
539 2118 718 2181 insigni
749 2134 855 2166 cum
882 2119 1207 2167 moderatione
1239 2121 1476 2180 defensi&
1515 2123 1668 2171 vindi·
1704 2162 1708 2166 .

159 2222 294 2266 catus
318 2222 368 2265 et
393 2216 532 2276 alius,
557 2215 849 2264 delatoribus
872 2215 1100 2278 punitis-3.
1133 2216 1246 2273 Quae
1283 2217 1486 2266 clariora
1519 2236 1662 2283 quam

158 2322 214 2365 ut
231 2316 359 2365 sileri
378 2321 584 2379 possent,
611 2315 677 2362 sic
697 2314 888 2362 Tacitus
920 2320 1136 2377 suspecta
1155 2315 1404 2378 invisaque
1423 2317 1659 2366 reddidit:

157 2414 256 2463 haec
294 2428 459 2476 nempe
491 2411 767 2476 priusquam
802 2418 1145 2471 commemoret,
1182 2413 1354 2475 Legem
1389 2415 1522 2462 illam
1559 2417 1662 2464 Ma-

150 2511 356 2572 jestatis,
392 2516 622 2574 tanquam
661 2509 948 2573 praecipuum
991 2510 1262 2573 tyrannidis
1294 2512 1662 2563 instrumentum

158 2609 506 2670 denuntiatam,
534 2626 561 2656 a
596 2609 781 2657 Tiberio
825 2608 986 2656 statim
1027 2609 1270 2657 reductam
1309 2617 1542 2659 monstrat
1574 2615 1665 2675 pri-

216 2794 227 2816 ¹
251 2795 351 2834 Ann.
372 2794 421 2844 11,
441 2792 506 2845 34.
998 2792 1014 2812 ⁴
1034 2794 1134 2833 Ann.
1155 2792 1220 2843 ΙΙΙ,
1239 2792 1306 2846 67,
1328 2806 1394 2845 7⁰·

213 2864 227 2885 ²
248 2866 312 2915 ΙΙΙ,
334 2865 399 2915 35,
419 2863 485 2918 57.
1034 2864 1096 2914 ΙΙΙ,
1119 2865 1182 2917 37.

213 2937 227 2956 ³
250 2937 278 2986 Ι,
299 2937 363 2989 73,
385 2935 523 2989 74ς11,
546 2935 609 2976 50.
