2118 3308
880 670 943 715 II.

186 862 338 897 AUGTA
373 863 419 895 IN
454 863 737 897 MIRAQULUM
773 864 803 895 A
837 864 1002 897 TACITO
1037 864 1210 896 TIBERII
1248 863 1646 902 ROMANORUMQUE

785 960 1025 1002 NEQUITIA.

231 1168 414 1224 Tiberio
442 1185 607 1232 nempe
633 1171 877 1232 ingenium
898 1170 1136 1231 judicavit
1163 1175 1336 1215 natura
1360 1169 1520 1215 statim
1541 1183 1664 1214 com-

166 1272 386 1330 paratum
413 1269 553 1331 quale
580 1271 666 1316 sub
715 1269 853 1317 finem
892 1269 1065 1332 erupit,
1104 1283 1303 1331 eumque
1337 1267 1556 1318 consultt
1584 1281 1667 1328 per

165 1366 366 1429 pessima
390 1383 602 1430 quaeque,
631 1368 767 1415 bonis
792 1368 918 1414 ultro
944 1367 1138 1426 relictis,
1168 1366 1459 1413 devolutum.
1506 1366 1667 1427 Ipsum

165 1463 217 1511 in
242 1465 507 1528 Principem
534 1467 641 1529 plus
674 1483 805 1530 aequo
844 1467 1077 1514 invidiam
1110 1451 1341 1529 congessit
1376 1465 1667 1512 saevitiarum

168 1577 222 1609 ac
239 1564 557 1625 proditionum
584 1565 756 1627 quibus
781 1581 837 1612 ea
861 1565 1038 1612 infecta
1065 1570 1174 1612 sunt
1200 1570 1428 1626 tempora.
1460 1563 1660 1610 Illarum

167 1677 303 1709 veras
327 1678 491 1710 causas
519 1669 601 1710 aut
623 1664 829 1722 reticuit,
863 1669 945 1710 aut
972 1664 1256 1710 attenuavit.
1286 1663 1518 1725 Denique,
1556 1662 1669 1709 dum

166 1760 460 1822 peritissimis
508 1762 697 1824 quidem
751 1763 978 1809 narrandi
1034 1762 1434 1824 componendique
1486 1762 1669 1809 artibus

167 1858 326 1906 odium
350 1860 400 1906 in
427 1861 687 1920 saevientes,
718 1861 1083 1908 misericordiam
1108 1860 1158 1907 in
1184 1860 1402 1907 victimas
1431 1860 1667 1907 concitare

167 1957 308 2019 gestit
327 1995 341 2017 ,
383 1958 572 2005 illorum
605 1959 902 2022 perversitati
927 1960 1188 2022 harumque
1240 1959 1520 2006 innocentiae
1566 1973 1659 2006 non

166 2071 317 2118 pauca
344 2073 485 2119 supra
511 2057 758 2105 veritatem
788 2058 1007 2104 contulit.

233 2156 345 2213 Quae
387 2156 639 2204 Annalium
683 2157 947 2204 narrationi
983 2158 1167 2204 subesse
1207 2156 1326 2203 vitia
1354 2173 1446 2219 quo
1487 2156 1663 2203 clarius

168 2259 406 2317 appareat,
437 2270 582 2317 quum
609 2256 757 2317 ipsam
782 2256 1130 2318 perlegentibus
1149 2271 1305 2302 rerum
1323 2255 1572 2303 diversitas
1594 2256 1662 2303 in-

167 2352 391 2400 tentionis
411 2353 555 2400 aciem
582 2354 729 2401 soleat
756 2354 1048 2415 abrumpere,
1078 2353 1292 2400 breviore
1322 2353 1457 2415 quasi
1484 2354 1662 2400 tabella

168 2450 372 2513 amplam
396 2451 529 2498 illam
555 2452 807 2514 imaginem
833 2451 1114 2513 complectar
1135 2466 1148 2509 3
1179 2451 1248 2498 ita
1273 2451 1459 2498 demum
1486 2452 1543 2499 de
1562 2453 1665 2500 uni-

169 2565 306 2597 versa
324 2554 448 2596 recte
468 2549 779 2611 judicabitur.

231 2647 481 2695 Hominem
511 2647 633 2709 finge
661 2649 750 2695 tibi
777 2654 1110 2710 praepotentem
1145 2654 1298 2697 mente
1323 2654 1370 2697 et
1410 2649 1659 2708 callidum,

168 2747 397 2793 bonarum
438 2746 610 2793 artium
636 2751 683 2793 et
708 2746 866 2808 gloriae
899 2747 1166 2808 voluptates
1190 2746 1340 2808 primo
1382 2752 1627 2808 expertum
1647 2785 1660 2805 ‚

170 2843 248 2890 sed
272 2843 462 2889 saevitiae
497 2843 948 2906 faedissimarumque
979 2844 1254 2892 deliciarum
1287 2845 1477 2891 avidum
1505 2850 1551 2891 et
1580 2861 1666 2891 ex-

170 2941 327 3004 plendi
350 2941 604 3002 aliquando
631 2942 799 2988 atrocis
826 2942 966 3002 hujus
992 2943 1170 3004 ingenii
1198 2948 1408 2999 certum3
1448 2959 1555 2990 mox
1585 2960 1666 3005 per
