2118 3308
681 309 827 345 cch‘
852 310 1083 344 ‘rmERmM
1532 304 1551 330 ·
1577 297 1638 357 39

144 395 404 443 consuleret
452 410 511 442 an
562 410 775 442 nummos
821 394 1072 442 habiturus
1122 394 1243 442 foret
1292 394 1463 456 quibus
1511 394 1637 440 viam

140 494 342 556 Appiam
378 493 612 556 operiret;
645 508 728 540 nec
763 492 877 539 adeo
905 507 1119 539 securum
1154 507 1257 539 reor
1292 491 1530 538 Tiberium
1557 491 1638 553 qui

141 592 355 640 dextram
375 591 566 653 juvenis
588 589 900 639 obambulans
925 589 1061 638 caute
1088 590 1298 637 strictam
1323 589 1585 637 contineret
1604 588 1635 636 ¹.

171 692 328 739 ”Dum
355 690 446 750 illi,
475 691 639 753 priscae
681 690 977 738 auctoritatis
1015 687 1277 737 desideri02
1315 689 1364 736 in
1398 695 1639 737 transver-

140 804 241 836 sum
268 788 376 847 acti,
408 789 759 851 Rempublicam
797 789 985 836 nomine
1020 787 1183 851 populi
1218 787 1442 846 universi,
1489 792 1543 834 ut
1565 788 1635 846 fit,

140 892 446 948 reposcerent,
480 887 856 945 auxiliabantur,
885 886 1145 948 improvide
1172 886 1377 949 quidem,
1409 886 1487 933 sed
1517 886 1636 933 acri—

137 992 224 1043 ter,
251 984 481 1046 ignobiles
507 985 661 1043 multi,
692 985 888 1032 insitum
913 984 1201 1047 aequalitatis
1223 1001 1425 1032 amorem
1457 984 1635 1047 simpli-

137 1084 250 1131 citer
270 1083 432 1141 secuti,
462 1099 546 1130 nec
571 1083 685 1130 satis
709 1087 928 1130 curantes
953 1082 1212 1145 periculum
1234 1083 1419 1129 subesse
1447 1097 1503 1128 ne
1531 1098 1636 1128 cum

137 1187 290 1245 vetere
316 1181 550 1229 libertatis
575 1181 726 1243 specie
753 1186 888 1228 vetus
914 1196 1098 1243 quoque
1119 1181 1398 1228 Nobilitatis
1419 1181 1637 1243 tyrannis

138 1279 452 1326 reduceretur.
508 1279 572 1327 Hi
612 1279 761 1326 multo
801 1278 958 1325 minus
995 1279 1269 1340 spernendis
1305 1254 1635 1326 innitebantur

133 1377 352 1425 subsidiis
373 1393 386 1436 3
429 1394 539 1425 nam
564 1378 792 1441 plerique,
824 1394 930 1425 cum
953 1378 1136 1440 ingenti
1163 1379 1312 1440 plebis
1339 1379 1558 1425 Romanae
1589 1386 1636 1426 et

133 1477 360 1524 sociorum
388 1454 667 1539 populorum
692 1476 1016 1535 multitudine,
1047 1475 1393 1535 Germanicum,
1424 1476 1566 1524 Drusi
1588 1484 1636 1524 et

134 1576 352 1623 Antoniae
371 1575 540 1634 filium,
564 1576 1010 1637 complectebantur,
1034 1575 1148 1637 quia
1171 1590 1297 1637 spem
1318 1575 1501 1622 cunctis
1522 1574 1633 1636 inje-

132 1681 260 1722 cerat
299 1674 652 1737 Rempublicam
689 1690 736 1721 se
773 1673 1085 1721 redditurum.
1118 1674 1327 1730 Quorum
1359 1675 1630 1736 flagrantis-

132 1775 250 1823 sima
274 1773 433 1821 studia
466 1772 772 1835 turbidosque
816 1771 1010 1835 spiritus
1036 1772 1279 1835 comprimi
1305 1789 1435 1835 posse
1471 1775 1631 1837 despe—

133 1890 257 1931 rans,
296 1874 543 1934 Augustus
586 1871 927 1934 aliquantisper
968 1872 1258 1933 placaverat,
1301 1872 1630 1921 Germanicum

128 1971 299 2034 jubens
326 1988 353 2017 a
378 1971 578 2029 Tiberio,
609 1971 688 2032 qui
715 1975 873 2017 tamen
901 1969 1051 2017 filium
1077 1970 1300 2029 habebat,
1333 1971 1547 2033 adoptari
1566 1971 1586 2001 5
1616 1989 1625 2019 ;

133 2086 224 2132 quo
248 2070 389 2127 facto,
438 2069 700 2132 promisisse
734 2070 988 2116 videbatur
1005 2068 1288 2127 libertatem,
1318 2071 1449 2117 brevi
1481 2071 1628 2118 inter-

128 2168 255 2231 jecta
295 2184 438 2227 mora,
473 2167 793 2215 revicturam:
830 2166 974 2213 sedet
1008 2182 1167 2213 eorum
1200 2166 1340 2214 simul
1382 2169 1628 2216 audaciam

137 2272 349 2325 auxerat,
373 2265 743 2327 intelligentium
770 2281 816 2312 se
842 2264 1139 2312 vehementer
1164 2265 1337 2325 timeri,
1367 2283 1511 2329 quum
1530 2269 1629 2331 ipse

134 2365 433 2426 Principatus
479 2368 641 2410 auctor
681 2378 763 2409 suo
797 2362 1048 2409 successori
1085 2362 1240 2409 virum
1281 2370 1508 2426 aequasset
1547 2366 1630 2427 qui

134 2463 344 2525 pristInae
369 2462 654 2524 Reipublicae
680 2466 825 2507 tenax
852 2461 1132 2508 habebatur.

201 2559 370 2607 Cuncti
404 2575 512 2621 ergo
549 2575 632 2621 pro
669 2558 944 2606 Germanico
980 2575 1031 2606 eo
1059 2560 1312 2622 impensius
1332 2562 1623 2621 nitebantur,

138 2658 278 2720 qnod,
303 2657 577 2705 succedente
596 2657 796 2715 Tiberio,
817 2657 1145 2719 gravissimum
1173 2659 1461 2707 haereditatis
1481 2676 1629 2708 exem-

193 2874 200 2893 ·
225 2875 332 2913 Suet.
358 2872 439 2914 Tib.
460 2876 582 2914 XXN'.
971 2877 984 2896 ⁵
1007 2876 1105 2917 Anu.
1129 2879 1155 2928 l7
1178 2881 1213 2917 3.

193 2943 205 2964 ²
228 2943 302 2984 Dio
325 2944 435 2985 Cass.
457 2945 592 2996 XLIV,
613 2958 652 2998 p.
676 2945 764 2998 240.
