2118 3308
751 294 891 329 cmoA
924 292 1158 327 TissEmUM
1335 262 1340 267 ⁷
1652 276 1703 323 81

209 377 363 427 rant'.
392 379 509 428 Inde
527 379 712 427 Tiberio
734 378 998 441 conjectare
1024 393 1212 440 prorsus
1231 376 1383 435 licuit,
1414 375 1507 422 imo
1529 390 1712 422 necesse

209 478 318 539 fuit,
347 478 477 527 haud
500 494 674 542 paucos
708 479 883 527 armar-i
915 478 1015 542 qui,
1045 477 1176 526 tertii
1202 491 1388 540 quoque
1412 473 1610 538 tyranni
1639 473 1714 537 (ut

211 577 420 642 aiebant)
450 577 619 637 caede,
670 577 889 625 Patriciae
938 575 1173 625 Libertati
1219 573 1619 638 gratificarentur,
1669 576 1716 618 et

211 675 463 724 nonnullos
489 676 644 724 adhuc
680 677 914 724 Romanos
948 689 1186 738 superesse
1218 673 1610 721 demonstrarent.
1651 669 1719 717 Si-

211 776 310 825 mul
346 777 404 824 ab
437 776 599 824 amicis
629 777 923 840 Agrippinae,
954 774 1089 837 cujus
1122 774 1429 838 impotentem
1467 771 1717 819 audaciam

210 875 409 922 maritus
427 874 529 937 jam
554 891 649 923 non
675 876 932 933 coercebat,
966 874 1058 922 imo
1092 873 1321 922 desiderio
1356 871 1713 928 exstimulabat,

212 975 438 1039 populum
474 982 522 1024 et
554 977 720 1024 Patres
757 976 974 1024 Tiberius
1011 975 1204 1023 videbat
1241 973 1505 1033 sollicitari,
1546 971 1721 1019 adoles-

216 1074 426 1122 centulos
449 1074 683 1123 Neronem
714 1091 767 1123 ac
791 1076 1000 1124 Drusum
1026 1079 1222 1122 senectae
1247 1090 1342 1122 suae
1361 1071 1462 1134 jam
1484 1068 1715 1134 aequm-12,

214 1174 546 1238 diductamque
589 1175 748 1237 palam
784 1176 836 1223 in
880 1179 1038 1237 partes
1076 1173 1320 1221 civitatem
1361 1172 1476 1219 adeo
1515 1171 1715 1229 fervere,

212 1277 270 1320 ut
311 1273 504 1336 plurimi
545 1289 593 1321 se
638 1292 659 1319 ε(
700 1273 857 1320 hostes
906 1272 1084 1320 Tiberii
1123 1290 1145 1322 >2
1182 1270 1384 1319 vocitari
1429 1269 1610 1317 vellent
1666 1283 1721 1314 ac

215 1369 559 1433 profiterentur.

277 1469 453 1518 Contra
503 1470 781 1518 nitebantur
818 1470 943 1518 Novi
976 1470 1189 1518 homines
1223 1474 1271 1517 et
1313 1487 1336 1515 <c
1364 1484 1423 1516 ex
1459 1483 1507 1516 se
1549 1467 1653 1515 nati
1695 1485 1716 1511 »

217 1568 290 1632 (ut
314 1568 472 1616 aiebat
496 1568 750 1632 Tiberius),
781 1584 896 1631 quos
929 1567 1109 1616 modico
1145 1573 1270 1615 ortos
1307 1567 1425 1627 loco,
1465 1565 1545 1613 sed
1581 1565 1722 1628 impi-

214 1683 319 1730 gros
332 1672 379 1716 et
391 1646 666 1728 industriOS,
690 1667 930 1730 Princeps,
955 1673 1187 1730 tanquam
1210 1667 1336 1730 apud
1354 1683 1436 1714 nos
1451 1665 1722 1715 Ludovicus

214 1765 528 1827 Undecimus,
576 1767 800 1814 adversus
845 1767 972 1813 viros
1015 1766 1158 1829 longa
1202 1766 1423 1830 prosapia
1467 1765 1717 1825 subnixos,

214 1873 471 1916 evexerat:
501 1868 670 1914 horum
705 1866 965 1929 flagrantia
1000 1866 1182 1929 pridem
1219 1866 1270 1913 in
1311 1866 1575 1929 Optimates
1614 1866 1723 1913 odia.

217 1965 460 2015 refrenare
484 1966 725 2029 paulisper
752 1964 935 2011 destitit
944 1979 958 2023 3
989 1969 1092 2011 tum
1118 1969 1283 2027 sponte
1310 1981 1417 2012 suos
1454 1964 1503 2012 in
1529 1965 1722 2013 aemulos

217 2065 524 2127 ingruerunt;
557 2080 641 2111 nec
666 2063 1017 2111 accusationum
1039 2063 1260 2110 materies
1285 2062 1544 2124 deficiebat,
1575 2080 1720 2126 quum

218 2162 308 2221 illi,
341 2168 425 2209 aut
450 2161 634 2224 generis
659 2160 964 2219 claritudine,
998 2165 1082 2207 aut
1108 2160 1260 2207 multa
1286 2161 1504 2223 pecunia,
1538 2168 1620 2209 aut
1645 2163 1720 2209 in-

220 2260 432 2322 signibus
457 2259 640 2307 militiae
668 2258 854 2306 domive
876 2258 1058 2305 meritis
1083 2259 1379 2319 ferocientes,
1409 2260 1720 2307 mutationem

217 2365 479 2423 temporum
496 2358 762 2421 intelligere
786 2358 1038 2421 nequirent
1063 2363 1147 2406 aut
1173 2359 1371 2419 nollent,
1403 2359 1721 2423 neglectisque

221 2459 420 2521 legibus,
468 2457 613 2505 socios
640 2458 918 2520 exspoliare,
969 2462 1264 2505 contemnere
1306 2458 1629 2520 magistratus,
1677 2463 1725 2505 et

221 2563 422 2604 veterem
450 2556 762 2604 Patriciorum
789 2556 1090 2619 tyrannidem
1108 2572 1190 2618 per
1215 2556 1484 2618 provincias
1510 2572 1723 2604 exercere

223 2671 315 2703 non
334 2656 670 2703 desuevissent.
698 2655 773 2702 Sic
792 2654 1074 2701 tristissimis
1096 2655 1341 2703 Nobilium
1368 2654 1581 2703 cladibus
1594 2655 1727 2718 prius

221 2753 340 2800 illud
366 2754 626 2815 periculum
658 2753 726 2816 lsin
754 2753 1006 2814 praesentia
1034 2753 1241 2814 quidem*
1272 2753 1617 2816 propulsatum.

281 2974 288 2992 ¹
313 2972 411 3011 Anu.
434 2971 500 3022 lv,
522 2971 585 3023 34.
1058 2970 1070 2990 ²
1094 2971 1193 3010 Anu.
1219 2970 1284 3021 IV,
1310 2985 1369 3024 ¹7·
