2118 3308
482 275 528 326 ¹3!
1070 281 1126 313 nb:
1160 280 1320 313 ἰἈοιίἰ»

468 366 638 412 exserit
665 364 898 424 Princeps,
936 364 1120 424 propria
1145 362 1350 424 pericula
1372 360 1681 422 praetendens¹
1711 377 1720 406 ;
1766 359 1930 421 Sejano

469 462 608 508 etiam
634 476 838 518 excusso,
878 461 1168 506 crebrescunt
1193 459 1334 506 caedes
1354 475 1366 516 3
1395 459 1616 505 damnata
1639 463 1786 505 mater
1809 474 1932 520 quae-

470 558 576 603 dam
619 556 740 617 quod
783 570 915 602 suum
957 555 1105 617 filium
1141 551 1376 600 flevisset²
1395 569 1407 611 3
1451 553 1702 599 acervatim
1745 531 1934 599 ihactati

471 655 567 716 qui,
598 653 776 714 objecta
801 669 903 699 cum
931 650 1094 710 Sejano
1121 650 1352 707 societate,
1391 665 1570 696 carcere
1597 650 1933 708 attinebantur,

475 751 829 811 corporibusque
877 747 1150 809 putrefactis
1174 752 1341 808 opertae
1366 746 1504 793 Urbis
1530 747 1635 805 viae,
1673 747 1836 807 plenus
1861 746 1937 793 Ti-

473 846 611 904 beriS,
643 846 774 892 nulla
798 845 853 891 de
879 859 1017 890 causa
1047 843 1135 890 nisi
1161 842 1283 903 quod
1320 842 1507 888 Domini
1532 842 1762 890 feritatem
1787 843 1941 904 priora

475 941 702 1003 supplicia
730 939 1075 987 irritaverant-3.
1123 940 1228 985 Huc
1268 939 1466 1000 denique
1489 939 1773 986 confidentioe
1815 939 1944 986 venit

480 1035 632 1081 Caesar
655 1040 709 1081 ut
733 1034 925 1096 paventi
952 1033 1159 1090 Senatui,
1201 1033 1278 1080 sed
1303 1048 1354 1079 eo
1389 1033 1674 1094 pervicacius
1711 1033 1939 1090 adulanti,

481 1136 689 1192 nepotem
715 1130 810 1191 ipse
837 1145 970 1175 suum
995 1128 1223 1187 ostendat,
1264 1128 1312 1173 in
1338 1128 1432 1174 ima
1457 1128 1629 1174 Palatii
1654 1134 1800 1189 parte,
1822 1128 1942 1174 fame

479 1243 531 1273 ac
556 1226 838 1272 centurionis
863 1225 1130 1271 verberibus
1147 1224 1315 1271 fessum
1336 1228 1382 1270 et
1406 1223 1761 1284 exspirantem⁴,
1799 1230 1941 1286 utque

477 1323 700 1384 glorietur
725 1322 847 1383 quod
871 1321 1147 1367 exstinctam
1172 1319 1477 1380 Agrippinam
1503 1335 1593 1366 non
1624 1320 1673 1366 in
1699 1319 1941 1367 Gemonias

477 1418 816 1479 strangulatam
858 1415 1091 1476 abjecerit.
1135 1416 1303 1463 Solutae
1342 1417 1484 1463 atroci
1516 1422 1712 1479 tyranno
1744 1417 1937 1478 gratiae;

478 1516 675 1562 tolerata
700 1514 757 1561 ad
781 1514 933 1573 finem,
963 1513 1053 1559 imo
1079 1513 1272 1559 laudata
1292 1529 1319 1561 a
1342 1514 1537 1573 civibus,
1565 1514 1812 1561 crudelitas
1827 1513 1861 1560 ⁵.

543 1613 720 1658 Marcet
744 1611 922 1658 interea
947 1611 1218 1656 libidinosas
1242 1620 1323 1671 per
1347 1610 1534 1672 vigilias
1559 1611 1726 1658 senex⁶
1745 1627 1758 1670 3
1803 1611 1943 1657 durat

479 1713 633 1754 tamen
672 1707 840 1754 mentis
875 1707 1122 1764 calliditas,
1171 1706 1314 1753 animi
1339 1706 1479 1753 durat
1501 1707 1690 1768 rigor⁷t
1737 1723 1944 1754 emensus

480 1803 668 1850 tandem
693 1803 913 1850 scelerum
953 1818 1006 1848 ac
1034 1803 1305 1863 probrorum
1331 1804 1490 1849 seriem
1525 1820 1552 1850 a
1586 1803 1833 1865 primordio
1857 1805 1944 1851 sibi

482 1901 779 1959 destinatam,
802 1906 1062 1962 postquam,
1088 1899 1273 1946 remotis
1290 1899 1518 1961 paulatim
1538 1900 1709 1961 pudore
1729 1916 1782 1947 ac
1799 1906 1940 1957 metu,

485 1997 765 2059 abjectisque
815 1997 1042 2043 virtutum
1074 2011 1189 2058 quas
1220 1996 1329 2042 olim
1372 2012 1465 2058 prae
1497 2012 1542 2043 se
1582 1997 1755 2044 tulerat
1792 1997 1945 2044 imita—

486 2093 670 2151 mentis,
715 2092 939 2150 Tiberius,
971 2097 1139 2138 natura
1161 2107 1301 2154 quam
1335 2108 1363 2138 a
1402 2092 1627 2154 principio
1653 2092 1868 2151 habebat,
1903 2098 1950 2139 et

482 2189 678 2251 pessima
701 2187 902 2250 quidem,
926 2188 996 2233 uti
1023 2187 1274 2249 aliquando
1307 2188 1475 2249 potuit,
1510 2189 1654 2235 vitam
1689 2194 1771 2235 aut
1794 2189 1945 2251 potius

481 2285 670 2345 longum
691 2283 809 2329 illud
834 2283 1052 2329 vitiorum
1080 2299 1131 2329 ac
1150 2283 1353 2330 infamiae
1373 2283 1654 2330 curriculum
1676 2285 1825 2332 finitss.

544 2442 832 2490 Horrendam
850 2440 980 2488 illam
1005 2442 1239 2489 Tiberiani
1266 2443 1552 2505 principatus
1574 2445 1821 2506 imaginem
1847 2459 1948 2492 con-

538 2659 546 2674 '
570 2654 668 2694 Anu.
689 2651 782 2702 V,3.
1308 2651 1322 2672 ⁶
1341 2653 1439 2692 Ann.
1459 2651 1525 2701 Vl,
1547 2652 1609 2691 26.

537 2724 550 2744 ²
570 2724 635 2773 Vl,
660 2721 717 2762 102
1309 2722 1323 2741 ⁰
1349 2736 1381 2760 ι.

538 2794 552 2814 ³
578 2807 636 2846 ¹9·
1309 2792 1320 2812 ⁷
1343 2792 1409 2832 50.

1310 2860 1367 2884 a?

536 2863 634 2914 ⁴21,
1345 2876 1406 2901 δι.
1464 2876 1466 2879 ’
