2118 3308
698 288 836 324 CIRCA
868 288 1099 322 TIBERIUM
1581 272 1644 334 69

155 378 223 427 los
258 377 459 439 Augusti
503 381 551 423 et
592 373 1059 423 Senatusconsultum
1102 373 1160 420 de
1203 374 1387 431 Voleso,
1435 370 1646 432 ejusdem

153 475 408 539 provinciae
429 475 541 522 olim
563 473 855 537 proconsule,
885 472 1029 519 fuisse
1047 478 1163 520 tunc
1187 472 1424 531 recitatos,
1449 469 1647 532 jubente

153 573 352 633 Tiberio,
385 591 408 618 (ι
437 588 528 635 quo
554 572 823 619 excusatius
850 572 935 618 sub
962 571 1174 633 exemplo
1196 571 1520 634 acciperentur
1545 584 1647 632 quae

158 691 181 718 cx
210 673 260 721 in
299 671 510 720 Silanum
545 653 762 734 parabat.
796 688 819 716 ³>
875 670 964 718 Sed
998 669 1077 716 hic
1109 669 1267 716 omisit
1303 669 1495 716 Tacitus
1529 682 1648 714 non-

154 770 289 818 nulla
313 785 414 833 quae
440 769 565 832 apud
586 769 807 818 Senecam
833 768 1012 831 reperio
1030 767 1063 827 ¹,
1087 784 1252 830 nempe
1270 767 1492 815 Volesum
1512 765 1649 814 illum

156 869 270 917 adeo
297 868 555 917 intestabili
598 869 646 915 in
685 868 898 915 subditos
934 866 1118 914 saevitia
1151 866 1295 913 fuisse
1326 870 1382 912 ut
1417 869 1651 912 trecentos

155 984 252 1015 una
285 967 360 1015 die
391 967 672 1029 percusserit
705 966 855 1014 securi
896 982 906 1013 ε
943 966 1068 1013 unde
1101 964 1361 1026 conjectare
1387 964 1499 1011 licet
1535 963 1650 1026 quid

154 1064 338 1112 sceleris
362 1064 664 1112 commisisset
691 1065 897 1124 Silanus,
920 1070 967 1111 et
991 1080 1134 1127 quam
1155 1064 1296 1111 facile
1327 1081 1349 1109 (c
1378 1061 1594 1110 excusari
1622 1078 1646 1106 >2

153 1163 380 1227 potuisset
404 1164 627 1226 Princeps
655 1179 797 1226 agens
819 1163 896 1211 vel
923 1179 1102 1210 summo
1122 1162 1230 1224 jure
1255 1162 1481 1209 adversus
1505 1160 1650 1208 talem

154 1264 378 1325 legatum,
413 1262 495 1324 qui
527 1262 604 1309 vel
633 1267 773 1309 antea
797 1262 1006 1308 moribus
1030 1260 1225 1308 infamis
1251 1260 1473 1318 vixisset,
1517 1258 1652 1320 cujus

154 1367 311 1409 tamen
335 1361 620 1422 relegatione
645 1361 696 1407 in
724 1359 927 1407 insulam
954 1359 1211 1422 Cythnum,
1239 1358 1402 1404 multis
1427 1357 1651 1405 Patribus

155 1459 384 1508 atrociora
409 1458 734 1517 suadentibus,
771 1462 1019 1505 contentus
1053 1463 1123 1504 est
1157 1456 1328 1504 Caesar.
1372 1438 1501 1513 Quas
1538 1471 1648 1502 vero

153 1555 316 1614 caedes,
345 1571 448 1618 quae
473 1555 723 1602 latrocinia
758 1571 840 1618 per
864 1555 1028 1604 Asiam
1063 1555 1318 1602 damnatus
1346 1554 1644 1612 exercuisset,

154 1654 409 1716 explanare
441 1654 702 1716 supersedit
733 1654 940 1713 Tacitus,
982 1653 1204 1700 videlicet
1238 1653 1396 1700 omnia
1429 1652 1649 1700 noscendi

154 1768 256 1814 quae
286 1768 368 1815 per
404 1752 595 1799 ultimos
626 1767 702 1799 eos
737 1752 905 1799 Verres
939 1751 1106 1799 domiti
1139 1751 1303 1814 populi
1342 1751 1649 1815 perpetienda

152 1848 396 1909 haberent,
426 1865 519 1897 non
545 1850 660 1897 satis
685 1849 910 1897 curiosus.

220 2049 423 2109 Scilicet,
449 2051 505 2096 ab
532 2049 746 2112 ingenita
765 2050 946 2112 pridem
970 2051 1142 2113 populo
1174 2069 1195 2095 «
1226 2052 1320 2098 late
1346 2053 1445 2114 regi
1473 2070 1495 2097 »
1527 2068 1650 2100 arro-

154 2148 318 2209 gantia
342 2148 548 2195 nonduin
574 2147 710 2207 liber,
740 2148 1059 2195 Provinciales
1091 2149 1194 2211 (hoc
1220 2155 1324 2196 erat
1338 2166 1428 2212 pro
1458 2151 1533 2198 vel
1550 2167 1650 2214 proe

154 2245 351 2310 vict0s2)
403 2247 670 2309 despectare
713 2247 905 2295 minime
950 2248 1194 2295 dedidicit.
1246 2249 1514 2297 Sententias
1548 2251 1650 2297 ubi-

155 2361 245 2408 que
271 2347 557 2409 comprobat,
585 2362 687 2408 quae
717 2347 871 2394 Romae
907 2363 1044 2410 super
1078 2364 1398 2411 quascumque
1430 2350 1650 2398 civitates

153 2446 498 2504 excellentiam,
529 2451 576 2493 et
602 2447 869 2494 absolutum
895 2446 992 2508 jus,
1033 2452 1116 2495 aut
1147 2453 1386 2495 testantur
1424 2455 1507 2496 aut
1539 2466 1650 2497 con-

152 2534 356 2591 firmant.
386 2545 748 2592 Innumerarum
772 2561 846 2592 res
870 2546 1101 2607 gentium,
1130 2561 1234 2608 quae
1263 2552 1420 2594 tamen
1458 2548 1648 2610 Imperii

155 2657 263 2703 pars
287 2643 423 2705 longe
457 2643 666 2690 maxima
703 2649 855 2702 erant,
893 2645 1218 2692 tantummodo
1255 2651 1391 2692 curat
1417 2652 1646 2709 quantum

156 2740 213 2786 ad
257 2740 402 2802 ipsius
447 2742 601 2788 Romae
638 2741 878 2788 commoda
916 2741 990 2788 vel
1033 2742 1231 2803 gloriani
1274 2744 1348 2791 vel
1387 2745 1645 2794 vanitatem

210 2933 218 2950 ¹
245 2930 300 2970 De
322 2930 415 2980 Ινας·
429 2930 466 2971 5.
988 2936 1000 2954 ’·’
1022 2937 1174 2976 Festus.
