<?xml version="1.0" encoding="UTF-8"?>
<!DOCTYPE html PUBLIC "-//W3C//DTD XHTML 1.0 Transitional//EN"
    "http://www.w3.org/TR/xhtml1/DTD/xhtml1-transitional.dtd">
<html xmlns="http://www.w3.org/1999/xhtml" xml:lang="en" lang="en">
 <head>
  <title>
</title>
<meta http-equiv="Content-Type" content="text/html;charset=utf-8" />
  <meta name='ocr-system' content='tesseract 3.04.00' />
  <meta name='ocr-capabilities' content='ocr_page ocr_carea ocr_par ocr_line ocrx_word'/>
</head>
<body>
  <div class='ocr_page' id='page_1' title='image "./detacitiadenarra00duchuoft_0028.png"; bbox 0 0 2118 3308; ppageno 0'>
   <div class='ocr_carea' id='block_1_1' title="bbox 475 262 2015 2826">
    <p class='ocr_par' dir='ltr' id='par_1_1' title="bbox 503 262 1342 306">
     <span class='ocr_line' id='line_1_1' title="bbox 503 262 1342 306; baseline -0.002 -1"><span class='ocrx_word' id='word_1_1' title='bbox 503 262 552 305; x_wconf 72' lang='grc' dir='ltr'>ιίὶ</span> <span class='ocrx_word' id='word_1_2' title='bbox 1092 274 1148 305; x_wconf 73' lang='lat' dir='ltr'>nn</span> <span class='ocrx_word' id='word_1_3' title='bbox 1181 273 1342 306; x_wconf 55' lang='lat' dir='ltr'>Tamo</span> 
     </span>
    </p>

    <p class='ocr_par' dir='ltr' id='par_1_2' title="bbox 487 358 1958 705">
     <span class='ocr_line' id='line_1_2' title="bbox 489 358 1952 419; baseline 0.001 -17"><span class='ocrx_word' id='word_1_4' title='bbox 489 359 590 405; x_wconf 82' lang='lat' dir='ltr'>(lem</span> <span class='ocrx_word' id='word_1_5' title='bbox 633 358 812 403; x_wconf 86' lang='lat' dir='ltr'>credere</span> <span class='ocrx_word' id='word_1_6' title='bbox 844 358 1111 403; x_wconf 82' lang='lat' dir='ltr'>sustineam.</span> <span class='ocrx_word' id='word_1_7' title='bbox 1159 358 1315 404; x_wconf 81' lang='lat' dir='ltr'>Vincit</span> <span class='ocrx_word' id='word_1_8' title='bbox 1354 358 1446 404; x_wconf 84' lang='lat' dir='ltr'>tale</span> <span class='ocrx_word' id='word_1_9' title='bbox 1485 363 1747 419; x_wconf 72' lang='lat' dir='ltr'><strong>portentum</strong></span> <span class='ocrx_word' id='word_1_10' title='bbox 1784 359 1952 406; x_wconf 85' lang='lat' dir='ltr'>mentis</span> 
     </span>
     <span class='ocr_line' id='line_1_3' title="bbox 489 451 1958 516; baseline 0 -16"><span class='ocrx_word' id='word_1_11' title='bbox 489 469 597 500; x_wconf 83' lang='lat' dir='ltr'>meae</span> <span class='ocrx_word' id='word_1_12' title='bbox 623 459 809 514; x_wconf 83' lang='lat' dir='ltr'>captum</span> <span class='ocrx_word' id='word_1_13' title='bbox 823 467 835 509; x_wconf 92' lang='lat'>;</span> <span class='ocrx_word' id='word_1_14' title='bbox 864 452 994 499; x_wconf 78' lang='lat' dir='ltr'>homo</span> <span class='ocrx_word' id='word_1_15' title='bbox 1027 467 1143 504; x_wconf 78' lang='lat' dir='ltr'>sum,</span> <span class='ocrx_word' id='word_1_16' title='bbox 1165 467 1303 514; x_wconf 81' lang='lat' dir='ltr'>neque</span> <span class='ocrx_word' id='word_1_17' title='bbox 1327 451 1565 499; x_wconf 74' lang='lat' dir='ltr'>inhumani</span> <span class='ocrx_word' id='word_1_18' title='bbox 1577 453 1818 516; x_wconf 84' lang='lat' dir='ltr'>quidquam</span> <span class='ocrx_word' id='word_1_19' title='bbox 1840 453 1958 500; x_wconf 80' lang='lat' dir='ltr'>mz‘lzz&#39;</span> 
     </span>
     <span class='ocr_line' id='line_1_4' title="bbox 487 548 1947 611; baseline 0.001 -16"><span class='ocrx_word' id='word_1_20' title='bbox 487 565 574 595; x_wconf 82' lang='lat' dir='ltr'>non</span> <span class='ocrx_word' id='word_1_21' title='bbox 597 549 790 595; x_wconf 83' lang='lat' dir='ltr'>alienum</span> <span class='ocrx_word' id='word_1_22' title='bbox 804 556 918 610; x_wconf 80' lang='lat' dir='ltr'>puto</span> <span class='ocrx_word' id='word_1_23' title='bbox 938 565 949 594; x_wconf 78' lang='lat' dir='ltr'><em>t</em></span> <span class='ocrx_word' id='word_1_24' title='bbox 978 548 1236 594; x_wconf 88' lang='lat' dir='ltr'>inhumana</span> <span class='ocrx_word' id='word_1_25' title='bbox 1251 554 1406 595; x_wconf 88' lang='lat' dir='ltr'>autem</span> <span class='ocrx_word' id='word_1_26' title='bbox 1420 554 1573 611; x_wconf 86' lang='lat' dir='ltr'>atque,</span> <span class='ocrx_word' id='word_1_27' title='bbox 1595 549 1634 595; x_wconf 85' lang='lat' dir='ltr'>si</span> <span class='ocrx_word' id='word_1_28' title='bbox 1653 548 1748 596; x_wconf 93' lang='lat' dir='ltr'>Deo</span> <span class='ocrx_word' id='word_1_29' title='bbox 1765 549 1917 610; x_wconf 85' lang='lat' dir='ltr'>placet</span> <span class='ocrx_word' id='word_1_30' title='bbox 1938 551 1947 596; x_wconf 72' lang='grc' dir='ltr'><strong>Ξ</strong></span> 
     </span>
     <span class='ocr_line' id='line_1_5' title="bbox 487 643 1434 705; baseline 0.001 -15"><span class='ocrx_word' id='word_1_31' title='bbox 487 645 590 705; x_wconf 89' lang='lat' dir='ltr'>plus</span> <span class='ocrx_word' id='word_1_32' title='bbox 615 660 754 705; x_wconf 89' lang='lat' dir='ltr'>quam</span> <span class='ocrx_word' id='word_1_33' title='bbox 779 643 984 690; x_wconf 86' lang='lat' dir='ltr'>humana</span> <span class='ocrx_word' id='word_1_34' title='bbox 1008 644 1117 690; x_wconf 90' lang='lat' dir='ltr'>talis</span> <span class='ocrx_word' id='word_1_35' title='bbox 1142 645 1434 705; x_wconf 84' lang='lat' dir='ltr'>perversitas.</span> 
     </span>
    </p>

    <p class='ocr_par' dir='ltr' id='par_1_3' title="bbox 475 741 2015 2235">
     <span class='ocr_line' id='line_1_6' title="bbox 551 741 1947 804; baseline 0 -16"><span class='ocrx_word' id='word_1_36' title='bbox 551 742 636 788; x_wconf 82' lang='lat' dir='ltr'>Cui</span> <span class='ocrx_word' id='word_1_37' title='bbox 681 757 838 802; x_wconf 89' lang='lat' dir='ltr'>parem</span> <span class='ocrx_word' id='word_1_38' title='bbox 882 755 1092 802; x_wconf 84' lang='lat' dir='ltr'>quaerens</span> <span class='ocrx_word' id='word_1_39' title='bbox 1115 779 1128 799; x_wconf 90' lang='lat'>,</span> <span class='ocrx_word' id='word_1_40' title='bbox 1190 741 1437 802; x_wconf 90' lang='lat' dir='ltr'>cujuslibet</span> <span class='ocrx_word' id='word_1_41' title='bbox 1474 743 1632 804; x_wconf 91' lang='lat' dir='ltr'>populi</span> <span class='ocrx_word' id='word_1_42' title='bbox 1673 743 1947 804; x_wconf 76' lang='lat' dir='ltr'>temporisve</span> 
     </span>
     <span class='ocr_line' id='line_1_7' title="bbox 484 838 1953 900; baseline 0 -14"><span class='ocrx_word' id='word_1_43' title='bbox 484 839 681 886; x_wconf 75' lang='lat' dir='ltr'>Annales</span> <span class='ocrx_word' id='word_1_44' title='bbox 723 838 900 884; x_wconf 87' lang='lat' dir='ltr'>frustra</span> <span class='ocrx_word' id='word_1_45' title='bbox 926 839 1136 885; x_wconf 84' lang='lat' dir='ltr'>excutias</span> <span class='ocrx_word' id='word_1_46' title='bbox 1156 854 1168 896; x_wconf 91' lang='lat'>;</span> <span class='ocrx_word' id='word_1_47' title='bbox 1216 839 1338 900; x_wconf 89' lang='lat' dir='ltr'>ipsos</span> <span class='ocrx_word' id='word_1_48' title='bbox 1362 844 1536 900; x_wconf 88' lang='lat' dir='ltr'>poetas,</span> <span class='ocrx_word' id='word_1_49' title='bbox 1584 839 1657 886; x_wconf 88' lang='lat' dir='ltr'>vel</span> <span class='ocrx_word' id='word_1_50' title='bbox 1684 840 1743 886; x_wconf 86' lang='lat' dir='ltr'>ad</span> <span class='ocrx_word' id='word_1_51' title='bbox 1769 840 1953 900; x_wconf 83' lang='lat' dir='ltr'>excogi—</span> 
     </span>
     <span class='ocr_line' id='line_1_8' title="bbox 486 932 1953 998; baseline 0.003 -20"><span class='ocrx_word' id='word_1_52' title='bbox 486 932 631 979; x_wconf 84' lang='lat' dir='ltr'>tanda</span> <span class='ocrx_word' id='word_1_53' title='bbox 655 932 962 979; x_wconf 76' lang='lat' dir='ltr'><strong>immanitatis</strong></span> <span class='ocrx_word' id='word_1_54' title='bbox 985 934 1270 995; x_wconf 87' lang='lat' dir='ltr'>exemplaria</span> <span class='ocrx_word' id='word_1_55' title='bbox 1295 934 1495 982; x_wconf 81' lang='lat' dir='ltr'>maxime</span> <span class='ocrx_word' id='word_1_56' title='bbox 1516 935 1739 996; x_wconf 75' lang='lat' dir='ltr'>insignes,</span> <span class='ocrx_word' id='word_1_57' title='bbox 1765 936 1953 998; x_wconf 83' lang='lat' dir='ltr'>nequid·</span> 
     </span>
     <span class='ocr_line' id='line_1_9' title="bbox 486 1030 1952 1094; baseline 0.002 -19"><span class='ocrx_word' id='word_1_58' title='bbox 486 1045 626 1090; x_wconf 88' lang='lat' dir='ltr'>quam</span> <span class='ocrx_word' id='word_1_59' title='bbox 652 1030 934 1090; x_wconf 84' lang='lat' dir='ltr'>pervolveris</span> <span class='ocrx_word' id='word_1_60' title='bbox 956 1046 966 1076; x_wconf 90' lang='lat'>:</span> <span class='ocrx_word' id='word_1_61' title='bbox 1013 1030 1162 1076; x_wconf 79' lang='lat' dir='ltr'>Taciti</span> <span class='ocrx_word' id='word_1_62' title='bbox 1189 1040 1351 1092; x_wconf 86' lang='lat' dir='ltr'>nempe</span> <span class='ocrx_word' id='word_1_63' title='bbox 1372 1031 1606 1077; x_wconf 87' lang='lat' dir='ltr'>Tiberium</span> <span class='ocrx_word' id='word_1_64' title='bbox 1630 1047 1719 1078; x_wconf 91' lang='lat' dir='ltr'>non</span> <span class='ocrx_word' id='word_1_65' title='bbox 1745 1047 1952 1094; x_wconf 76' lang='lat' dir='ltr'>aequave-</span> 
     </span>
     <span class='ocr_line' id='line_1_10' title="bbox 485 1127 1952 1189; baseline 0.001 -17"><span class='ocrx_word' id='word_1_66' title='bbox 485 1127 581 1172; x_wconf 91' lang='lat' dir='ltr'>rint</span> <span class='ocrx_word' id='word_1_67' title='bbox 624 1132 705 1173; x_wconf 87' lang='lat' dir='ltr'>aut</span> <span class='ocrx_word' id='word_1_68' title='bbox 746 1127 1003 1189; x_wconf 82' lang='lat' dir='ltr'>OEschylea&#39;</span> <span class='ocrx_word' id='word_1_69' title='bbox 1027 1128 1382 1189; x_wconf 84' lang='lat' dir='ltr'>Clytemnestra,</span> <span class='ocrx_word' id='word_1_70' title='bbox 1435 1134 1517 1174; x_wconf 83' lang='lat' dir='ltr'>aut</span> <span class='ocrx_word' id='word_1_71' title='bbox 1559 1128 1760 1175; x_wconf 87' lang='lat' dir='ltr'>Cornelii</span> <span class='ocrx_word' id='word_1_72' title='bbox 1807 1129 1952 1175; x_wconf 78' lang='lat' dir='ltr'><strong>nostri</strong></span> 
     </span>
     <span class='ocr_line' id='line_1_11' title="bbox 485 1222 1953 1286; baseline 0.001 -17"><span class='ocrx_word' id='word_1_73' title='bbox 485 1222 746 1284; x_wconf 79' lang='lat' dir='ltr'>Cleopatra,</span> <span class='ocrx_word' id='word_1_74' title='bbox 778 1228 860 1269; x_wconf 89' lang='lat' dir='ltr'>aut</span> <span class='ocrx_word' id='word_1_75' title='bbox 883 1223 1064 1270; x_wconf 86' lang='lat' dir='ltr'>Racinii</span> <span class='ocrx_word' id='word_1_76' title='bbox 1089 1224 1300 1283; x_wconf 87' lang='lat' dir='ltr'>Athalia,</span> <span class='ocrx_word' id='word_1_77' title='bbox 1331 1229 1413 1270; x_wconf 83' lang='lat' dir='ltr'>aut</span> <span class='ocrx_word' id='word_1_78' title='bbox 1438 1224 1604 1271; x_wconf 89' lang='lat' dir='ltr'>summi</span> <span class='ocrx_word' id='word_1_79' title='bbox 1630 1225 1752 1286; x_wconf 85' lang='lat' dir='ltr'>apud</span> <span class='ocrx_word' id='word_1_80' title='bbox 1777 1225 1953 1286; x_wconf 85' lang='lat' dir='ltr'>Anglos</span> 
     </span>
     <span class='ocr_line' id='line_1_12' title="bbox 483 1319 1954 1381; baseline 0.001 -16"><span class='ocrx_word' id='word_1_81' title='bbox 483 1319 532 1364; x_wconf 91' lang='lat' dir='ltr'>in</span> <span class='ocrx_word' id='word_1_82' title='bbox 558 1335 722 1380; x_wconf 86' lang='lat' dir='ltr'>genere</span> <span class='ocrx_word' id='word_1_83' title='bbox 746 1319 921 1380; x_wconf 83' lang='lat' dir='ltr'>tragico</span> <span class='ocrx_word' id='word_1_84' title='bbox 954 1319 1210 1366; x_wconf 88' lang='lat' dir='ltr'>inventoris</span> <span class='ocrx_word' id='word_1_85' title='bbox 1248 1320 1695 1378; x_wconf 79' lang='lat' dir='ltr'>Riccardus-tertius,</span> <span class='ocrx_word' id='word_1_86' title='bbox 1737 1325 1819 1366; x_wconf 84' lang='lat' dir='ltr'>aut</span> <span class='ocrx_word' id='word_1_87' title='bbox 1856 1321 1954 1381; x_wconf 89' lang='lat' dir='ltr'>ipse</span> 
     </span>
     <span class='ocr_line' id='line_1_13' title="bbox 483 1414 2015 1477; baseline 0 -17"><span class='ocrx_word' id='word_1_88' title='bbox 483 1414 692 1461; x_wconf 87' lang='lat' dir='ltr'>Miltonis</span> <span class='ocrx_word' id='word_1_89' title='bbox 718 1415 914 1462; x_wconf 86' lang='lat' dir='ltr'>Satanas</span> <span class='ocrx_word' id='word_1_90' title='bbox 933 1431 946 1473; x_wconf 81' lang='lat'>3</span> <span class='ocrx_word' id='word_1_91' title='bbox 976 1432 1033 1462; x_wconf 91' lang='lat' dir='ltr'>ne</span> <span class='ocrx_word' id='word_1_92' title='bbox 1059 1416 1182 1477; x_wconf 88' lang='lat' dir='ltr'>apud</span> <span class='ocrx_word' id='word_1_93' title='bbox 1208 1421 1434 1462; x_wconf 71' lang='lat' dir='ltr'>nostrates</span> <span class='ocrx_word' id='word_1_94' title='bbox 1456 1415 1658 1476; x_wconf 87' lang='lat' dir='ltr'>quidem,</span> <span class='ocrx_word' id='word_1_95' title='bbox 1686 1420 1783 1461; x_wconf 80' lang='lat' dir='ltr'>tam</span> <span class='ocrx_word' id='word_1_96' title='bbox 1808 1415 1951 1461; x_wconf 84' lang='lat' dir='ltr'>variis</span> <span class='ocrx_word' id='word_1_97' title='bbox 2010 1441 2015 1445; x_wconf 96' lang='lat'>-</span> 
     </span>
     <span class='ocr_line' id='line_1_14' title="bbox 483 1510 1949 1572; baseline 0.001 -17"><span class='ocrx_word' id='word_1_98' title='bbox 483 1510 944 1572; x_wconf 82' lang='lat' dir='ltr'>exquisitissimorum</span> <span class='ocrx_word' id='word_1_99' title='bbox 985 1513 1205 1558; x_wconf 86' lang='lat' dir='ltr'>scelerum</span> <span class='ocrx_word' id='word_1_100' title='bbox 1252 1512 1411 1558; x_wconf 89' lang='lat' dir='ltr'>formis</span> <span class='ocrx_word' id='word_1_101' title='bbox 1446 1512 1754 1571; x_wconf 79' lang='lat' dir='ltr'>luxuriantes,</span> <span class='ocrx_word' id='word_1_102' title='bbox 1800 1512 1949 1557; x_wconf 90' lang='lat' dir='ltr'>ullum</span> 
     </span>
     <span class='ocr_line' id='line_1_15' title="bbox 482 1607 1946 1669; baseline 0.001 -17"><span class='ocrx_word' id='word_1_103' title='bbox 482 1607 617 1653; x_wconf 89' lang='lat' dir='ltr'>istius</span> <span class='ocrx_word' id='word_1_104' title='bbox 651 1607 774 1653; x_wconf 91' lang='lat' dir='ltr'>modi</span> <span class='ocrx_word' id='word_1_105' title='bbox 799 1613 1054 1654; x_wconf 89' lang='lat' dir='ltr'>monstrum</span> <span class='ocrx_word' id='word_1_106' title='bbox 1089 1608 1345 1669; x_wconf 85' lang='lat' dir='ltr'>apparebit.</span> <span class='ocrx_word' id='word_1_107' title='bbox 1389 1608 1608 1655; x_wconf 83' lang='lat' dir='ltr'>Scelestos</span> <span class='ocrx_word' id='word_1_108' title='bbox 1629 1607 1752 1654; x_wconf 90' lang='lat' dir='ltr'>enim</span> <span class='ocrx_word' id='word_1_109' title='bbox 1775 1623 1946 1665; x_wconf 90' lang='lat' dir='ltr'>omnes,</span> 
     </span>
     <span class='ocr_line' id='line_1_16' title="bbox 483 1702 1947 1765; baseline -0.001 -16"><span class='ocrx_word' id='word_1_110' title='bbox 483 1704 557 1750; x_wconf 82' lang='lat' dir='ltr'>vel</span> <span class='ocrx_word' id='word_1_111' title='bbox 581 1704 723 1762; x_wconf 85' lang='lat' dir='ltr'>fictos,</span> <span class='ocrx_word' id='word_1_112' title='bbox 753 1719 929 1765; x_wconf 87' lang='lat' dir='ltr'>semper</span> <span class='ocrx_word' id='word_1_113' title='bbox 954 1705 1004 1750; x_wconf 91' lang='lat' dir='ltr'>in</span> <span class='ocrx_word' id='word_1_114' title='bbox 1030 1704 1148 1750; x_wconf 90' lang='lat' dir='ltr'>vitia</span> <span class='ocrx_word' id='word_1_115' title='bbox 1173 1703 1390 1750; x_wconf 88' lang='lat' dir='ltr'>demersit</span> <span class='ocrx_word' id='word_1_116' title='bbox 1407 1709 1534 1750; x_wconf 82' lang='lat' dir='ltr'>certa</span> <span class='ocrx_word' id='word_1_117' title='bbox 1557 1703 1768 1764; x_wconf 74' lang='lat' dir='ltr'>quaedam</span> <span class='ocrx_word' id='word_1_118' title='bbox 1785 1702 1947 1761; x_wconf 91' lang='lat' dir='ltr'>libido,</span> 
     </span>
     <span class='ocr_line' id='line_1_17' title="bbox 483 1799 1948 1860; baseline -0.001 -14"><span class='ocrx_word' id='word_1_119' title='bbox 483 1815 611 1846; x_wconf 87' lang='lat' dir='ltr'>amor</span> <span class='ocrx_word' id='word_1_120' title='bbox 636 1800 811 1846; x_wconf 91' lang='lat' dir='ltr'>scilicet</span> <span class='ocrx_word' id='word_1_121' title='bbox 836 1806 917 1846; x_wconf 86' lang='lat' dir='ltr'>aut</span> <span class='ocrx_word' id='word_1_122' title='bbox 942 1800 1113 1858; x_wconf 81' lang='lat' dir='ltr'>odium,</span> <span class='ocrx_word' id='word_1_123' title='bbox 1146 1805 1228 1847; x_wconf 88' lang='lat' dir='ltr'>aut</span> <span class='ocrx_word' id='word_1_124' title='bbox 1253 1800 1459 1859; x_wconf 86' lang='lat' dir='ltr'>ambitio,</span> <span class='ocrx_word' id='word_1_125' title='bbox 1490 1804 1573 1845; x_wconf 88' lang='lat' dir='ltr'>aut</span> <span class='ocrx_word' id='word_1_126' title='bbox 1596 1799 1811 1860; x_wconf 85' lang='lat' dir='ltr'>superbia</span> <span class='ocrx_word' id='word_1_127' title='bbox 1831 1814 1841 1845; x_wconf 90' lang='lat'>:</span> <span class='ocrx_word' id='word_1_128' title='bbox 1869 1799 1948 1846; x_wconf 87' lang='lat' dir='ltr'>sed</span> 
     </span>
     <span class='ocr_line' id='line_1_18' title="bbox 475 1895 1948 1958; baseline -0.001 -15"><span class='ocrx_word' id='word_1_129' title='bbox 475 1897 695 1943; x_wconf 87' lang='lat' dir='ltr'>immanis</span> <span class='ocrx_word' id='word_1_130' title='bbox 718 1896 799 1943; x_wconf 92' lang='lat' dir='ltr'>ille</span> <span class='ocrx_word' id='word_1_131' title='bbox 823 1897 1074 1944; x_wconf 81' lang='lat' dir='ltr'>Annalium</span> <span class='ocrx_word' id='word_1_132' title='bbox 1114 1897 1266 1944; x_wconf 80' lang='lat' dir='ltr'>Caesar</span> <span class='ocrx_word' id='word_1_133' title='bbox 1291 1896 1538 1944; x_wconf 86' lang='lat' dir='ltr'>deterrima</span> <span class='ocrx_word' id='word_1_134' title='bbox 1559 1912 1767 1958; x_wconf 84' lang='lat' dir='ltr'>quaeque,</span> <span class='ocrx_word' id='word_1_135' title='bbox 1811 1895 1948 1942; x_wconf 85' lang='lat' dir='ltr'>fatali</span> 
     </span>
     <span class='ocr_line' id='line_1_19' title="bbox 476 1975 1948 2056; baseline -0.003 -14"><span class='ocrx_word' id='word_1_136' title='bbox 476 1995 678 2056; x_wconf 87' lang='lat' dir='ltr'>quodam</span> <span class='ocrx_word' id='word_1_137' title='bbox 700 1975 927 2056; x_wconf 30' lang='lat' dir='ltr'>et&#39;quieto</span> <span class='ocrx_word' id='word_1_138' title='bbox 951 2000 1129 2041; x_wconf 84' lang='lat' dir='ltr'>naturae</span> <span class='ocrx_word' id='word_1_139' title='bbox 1147 1995 1368 2056; x_wconf 90' lang='lat' dir='ltr'>impulsu,</span> <span class='ocrx_word' id='word_1_140' title='bbox 1393 1994 1618 2055; x_wconf 87' lang='lat' dir='ltr'>appetisse</span> <span class='ocrx_word' id='word_1_141' title='bbox 1633 1993 1834 2052; x_wconf 87' lang='lat' dir='ltr'>videtur,</span> <span class='ocrx_word' id='word_1_142' title='bbox 1856 1993 1948 2039; x_wconf 89' lang='lat' dir='ltr'>imo</span> 
     </span>
     <span class='ocr_line' id='line_1_20' title="bbox 476 2089 1946 2153; baseline -0.002 -15"><span class='ocrx_word' id='word_1_143' title='bbox 476 2092 688 2153; x_wconf 86' lang='lat' dir='ltr'>ingenita</span> <span class='ocrx_word' id='word_1_144' title='bbox 712 2097 759 2138; x_wconf 90' lang='lat' dir='ltr'>et</span> <span class='ocrx_word' id='word_1_145' title='bbox 784 2091 1054 2138; x_wconf 84' lang='lat' dir='ltr'>necessitate</span> <span class='ocrx_word' id='word_1_146' title='bbox 1099 2090 1299 2151; x_wconf 86' lang='lat' dir='ltr'>quadam</span> <span class='ocrx_word' id='word_1_147' title='bbox 1337 2089 1550 2147; x_wconf 81' lang='lat' dir='ltr'>adaucta,</span> <span class='ocrx_word' id='word_1_148' title='bbox 1598 2090 1645 2135; x_wconf 92' lang='lat' dir='ltr'>in</span> <span class='ocrx_word' id='word_1_149' title='bbox 1672 2090 1820 2137; x_wconf 89' lang='lat' dir='ltr'>lucem</span> <span class='ocrx_word' id='word_1_150' title='bbox 1841 2105 1946 2150; x_wconf 90' lang='lat' dir='ltr'>pro-</span> 
     </span>
     <span class='ocr_line' id='line_1_21' title="bbox 478 2187 657 2235; baseline 0 -2"><span class='ocrx_word' id='word_1_151' title='bbox 478 2187 657 2235; x_wconf 88' lang='lat' dir='ltr'>tulisse.</span> 
     </span>
    </p>

    <p class='ocr_par' dir='ltr' id='par_1_4' title="bbox 477 2281 1957 2826">
     <span class='ocr_line' id='line_1_22' title="bbox 539 2281 1957 2342; baseline -0.004 -11"><span class='ocrx_word' id='word_1_152' title='bbox 539 2285 634 2331; x_wconf 87' lang='lat' dir='ltr'>Nec</span> <span class='ocrx_word' id='word_1_153' title='bbox 675 2284 849 2331; x_wconf 82' lang='lat' dir='ltr'>coeteris</span> <span class='ocrx_word' id='word_1_154' title='bbox 891 2283 1038 2341; x_wconf 87' lang='lat' dir='ltr'>modo,</span> <span class='ocrx_word' id='word_1_155' title='bbox 1069 2282 1147 2328; x_wconf 87' lang='lat' dir='ltr'>sed</span> <span class='ocrx_word' id='word_1_156' title='bbox 1187 2287 1234 2328; x_wconf 92' lang='lat' dir='ltr'>et</span> <span class='ocrx_word' id='word_1_157' title='bbox 1275 2282 1363 2328; x_wconf 89' lang='lat' dir='ltr'>sibi</span> <span class='ocrx_word' id='word_1_158' title='bbox 1398 2286 1694 2342; x_wconf 79' lang='lat' dir='ltr'>comparatus</span> <span class='ocrx_word' id='word_1_159' title='bbox 1735 2281 1957 2332; x_wconf 75' lang='lat' dir='ltr'>veritatis</span> 
     </span>
     <span class='ocr_line' id='line_1_23' title="bbox 477 2377 1943 2440; baseline -0.003 -13"><span class='ocrx_word' id='word_1_160' title='bbox 477 2381 662 2427; x_wconf 87' lang='lat' dir='ltr'>modum</span> <span class='ocrx_word' id='word_1_161' title='bbox 686 2380 929 2427; x_wconf 83' lang='lat' dir='ltr'>excessisse</span> <span class='ocrx_word' id='word_1_162' title='bbox 955 2378 1167 2440; x_wconf 79' lang='lat' dir='ltr'>arguitur</span> <span class='ocrx_word' id='word_1_163' title='bbox 1189 2394 1198 2423; x_wconf 92' lang='lat'>:</span> <span class='ocrx_word' id='word_1_164' title='bbox 1245 2379 1414 2440; x_wconf 86' lang='lat' dir='ltr'>quippe</span> <span class='ocrx_word' id='word_1_165' title='bbox 1447 2378 1498 2423; x_wconf 92' lang='lat' dir='ltr'>in</span> <span class='ocrx_word' id='word_1_166' title='bbox 1523 2393 1613 2439; x_wconf 89' lang='lat' dir='ltr'>quo</span> <span class='ocrx_word' id='word_1_167' title='bbox 1638 2377 1840 2439; x_wconf 83' lang='lat' dir='ltr'>plurima</span> <span class='ocrx_word' id='word_1_168' title='bbox 1871 2392 1943 2423; x_wconf 89' lang='lat' dir='ltr'>re-</span> 
     </span>
     <span class='ocr_line' id='line_1_24' title="bbox 477 2468 1942 2540; baseline -0.004 -15"><span class='ocrx_word' id='word_1_169' title='bbox 477 2478 628 2540; x_wconf 86' lang='lat' dir='ltr'>perias</span> <span class='ocrx_word' id='word_1_170' title='bbox 667 2494 767 2539; x_wconf 78' lang='lat' dir='ltr'>quae</span> <span class='ocrx_word' id='word_1_171' title='bbox 798 2493 901 2523; x_wconf 91' lang='lat' dir='ltr'>cum</span> <span class='ocrx_word' id='word_1_172' title='bbox 926 2468 1083 2522; x_wconf 85' lang='lat' dir='ltr'>solida</span> <span class='ocrx_word' id='word_1_173' title='bbox 1116 2476 1202 2521; x_wconf 88' lang='lat' dir='ltr'>illa</span> <span class='ocrx_word' id='word_1_174' title='bbox 1244 2474 1616 2535; x_wconf 86' lang='lat' dir='ltr'>voluntariaque·</span> <span class='ocrx_word' id='word_1_175' title='bbox 1642 2474 1942 2535; x_wconf 86' lang='lat' dir='ltr'>perversitate</span> 
     </span>
     <span class='ocr_line' id='line_1_25' title="bbox 478 2569 1942 2632; baseline -0.003 -12"><span class='ocrx_word' id='word_1_176' title='bbox 478 2574 666 2620; x_wconf 91' lang='lat' dir='ltr'>minime</span> <span class='ocrx_word' id='word_1_177' title='bbox 701 2573 991 2619; x_wconf 87' lang='lat' dir='ltr'>consentiant</span> <span class='ocrx_word' id='word_1_178' title='bbox 1013 2589 1022 2618; x_wconf 92' lang='lat'>:</span> <span class='ocrx_word' id='word_1_179' title='bbox 1075 2572 1193 2618; x_wconf 88' lang='lat' dir='ltr'>idem</span> <span class='ocrx_word' id='word_1_180' title='bbox 1232 2571 1405 2618; x_wconf 91' lang='lat' dir='ltr'>scilicet</span> <span class='ocrx_word' id='word_1_181' title='bbox 1443 2570 1531 2616; x_wconf 90' lang='lat' dir='ltr'>iste</span> <span class='ocrx_word' id='word_1_182' title='bbox 1571 2575 1813 2632; x_wconf 85' lang='lat' dir='ltr'>tyrannus,</span> <span class='ocrx_word' id='word_1_183' title='bbox 1862 2569 1942 2631; x_wconf 90' lang='lat' dir='ltr'>qui</span> 
     </span>
     <span class='ocr_line' id='line_1_26' title="bbox 479 2667 1940 2726; baseline -0.005 -8"><span class='ocrx_word' id='word_1_184' title='bbox 479 2677 604 2718; x_wconf 84' lang='lat' dir='ltr'>certa</span> <span class='ocrx_word' id='word_1_185' title='bbox 628 2670 706 2716; x_wconf 87' lang='lat' dir='ltr'>via</span> <span class='ocrx_word' id='word_1_186' title='bbox 732 2670 789 2716; x_wconf 81' lang='lat' dir='ltr'>ad</span> <span class='ocrx_word' id='word_1_187' title='bbox 811 2669 1169 2716; x_wconf 83' lang='lat' dir='ltr'>infensissimam</span> <span class='ocrx_word' id='word_1_188' title='bbox 1195 2667 1555 2714; x_wconf 85' lang='lat' dir='ltr'>dominationem</span> <span class='ocrx_word' id='word_1_189' title='bbox 1580 2671 1757 2726; x_wconf 85' lang='lat' dir='ltr'>pergat,</span> <span class='ocrx_word' id='word_1_190' title='bbox 1787 2670 1940 2711; x_wconf 84' lang='lat' dir='ltr'>tamen</span> 
     </span>
     <span class='ocr_line' id='line_1_27' title="bbox 481 2761 1939 2826; baseline -0.005 -13"><span class='ocrx_word' id='word_1_191' title='bbox 481 2783 537 2813; x_wconf 89' lang='lat' dir='ltr'>ex</span> <span class='ocrx_word' id='word_1_192' title='bbox 565 2766 717 2813; x_wconf 84' lang='lat' dir='ltr'>alieno</span> <span class='ocrx_word' id='word_1_193' title='bbox 745 2765 955 2824; x_wconf 84' lang='lat' dir='ltr'>arbitrio,</span> <span class='ocrx_word' id='word_1_194' title='bbox 989 2764 1100 2826; x_wconf 88' lang='lat' dir='ltr'>ipsis</span> <span class='ocrx_word' id='word_1_195' title='bbox 1134 2764 1183 2809; x_wconf 92' lang='lat' dir='ltr'>in</span> <span class='ocrx_word' id='word_1_196' title='bbox 1209 2762 1477 2821; x_wconf 82' lang='lat' dir='ltr'>Annalibus,</span> <span class='ocrx_word' id='word_1_197' title='bbox 1506 2761 1703 2823; x_wconf 86' lang='lat' dir='ltr'>pendet:</span> <span class='ocrx_word' id='word_1_198' title='bbox 1736 2766 1939 2807; x_wconf 85' lang='lat' dir='ltr'>tenacem</span> 
     </span>
    </p>
   </div>
   <div class='ocr_carea' id='block_1_2' title="bbox 479 2856 1941 2923">
    <p class='ocr_par' dir='ltr' id='par_1_5' title="bbox 479 2856 1941 2923">
     <span class='ocr_line' id='line_1_28' title="bbox 479 2856 1941 2923; baseline -0.004 -16"><span class='ocrx_word' id='word_1_199' title='bbox 479 2862 611 2908; x_wconf 88' lang='lat' dir='ltr'>illum</span> <span class='ocrx_word' id='word_1_200' title='bbox 637 2861 855 2923; x_wconf 83' lang='lat' dir='ltr'>propositi</span> <span class='ocrx_word' id='word_1_201' title='bbox 884 2858 1188 2906; x_wconf 83' lang='lat' dir='ltr'>Vulsiniensis</span> <span class='ocrx_word' id='word_1_202' title='bbox 1224 2858 1371 2918; x_wconf 82' lang='lat' dir='ltr'>Eques</span> <span class='ocrx_word' id='word_1_203' title='bbox 1398 2873 1519 2903; x_wconf 89' lang='lat' dir='ltr'>nunc</span> <span class='ocrx_word' id='word_1_204' title='bbox 1552 2857 1674 2903; x_wconf 79' lang='lat' dir='ltr'>intra</span> <span class='ocrx_word' id='word_1_205' title='bbox 1702 2856 1941 2902; x_wconf 77' lang='lat' dir='ltr'>civilitatis</span> 
     </span>
    </p>
   </div>
  </div>
 </body>
</html>
