2118 3308
498 336 556 388 232
1092 346 1150 377 na
1182 344 1343 378 norro

486 428 630 475 Curia
657 428 874 474 acerrime
903 428 1024 474 inter
1047 442 1093 474 se
1130 427 1467 483 desaeviebant3
1506 442 1650 489 neque
1676 441 1782 473 vero
1819 427 1955 474 Sena·

487 529 582 569 tum
608 523 757 580 illum,
786 538 921 584 quem
944 523 1138 585 scriptor
1165 526 1316 568 noster
1340 520 1593 582 projectum
1617 527 1663 569 et
1687 521 1966 569 invalidum*

487 619 656 679 pingit,
696 618 805 664 adeo
841 617 1115 663 destitutum
1162 616 1435 662 auctoritate
1467 616 1540 663 vel
1571 618 1879 675 contumacia,
1917 617 1955 665 si

491 712 679 773 propius
705 711 933 768 attendaS,
963 711 1241 758 credideris:
1281 711 1476 758 Senatus
1508 710 1689 758 demum
1716 711 1955 772 majestate

490 808 740 855 seditiones
775 808 1011 868 legionum
1047 807 1118 854 vel
1155 807 1353 853 maxime
1385 808 1557 854 insanae
1601 823 1628 854 a
1664 808 1844 855 Tiberio
1883 824 1953 855 re-

490 920 653 965 pressae
697 909 832 958 sunt3
875 905 1086 960 Senatus,
1130 903 1202 958 yel
1234 908 1336 964 post
1376 903 1477 949 Caii
1515 918 1686 961 necem,
1723 903 1780 951 de
1820 905 1953 950 resti·
2002 945 2004 947 .

492 1000 664 1046 tuenda
685 999 936 1060 Republica
962 998 1159 1059 agitavit
1166 1014 1179 1056 3
1211 1003 1406 1045 Senatus
1418 999 1616 1057 nomine,
1637 1000 1785 1046 Galba
1810 1000 1951 1046 Otho-

489 1112 576 1156 que
627 1095 760 1155 signa
806 1110 890 1140 sua
933 1093 1055 1155 apud
1095 1095 1314 1155 populum
1363 1095 1815 1142 commendaverunt.
1860 1097 1954 1143 Nec

491 1193 653 1237 Patres
684 1190 875 1237 deerant
904 1191 982 1251 qui
1009 1195 1176 1236 cuncta
1201 1190 1372 1236 Tiberii
1400 1191 1447 1236 in
1472 1190 1673 1239 deterius
1697 1192 1949 1249 traherent,

494 1288 658 1348 ipsum,
687 1292 742 1332 ut
771 1286 968 1332 multum
994 1285 1134 1342 infra,
1170 1286 1503 1347 despectarent,
1542 1287 1670 1334 illius
1703 1290 1955 1335 cunctatio-

493 1399 612 1441 nem,
626 1389 681 1429 ut
693 1383 882 1429 mimum
899 1382 1364 1444 impudentissimum,
1382 1383 1744 1443 ludificarentur,
1757 1385 1955 1432 libenter

495 1480 586 1525 vim
616 1479 924 1536 contumeliis,
953 1478 1064 1524 data
1087 1478 1337 1537 occasione,
1369 1479 1573 1526 addituri
1591 1478 1622 1525 ¹,

557 1682 651 1727 Nec
690 1687 841 1727 tamen
882 1682 1078 1739 Tiberio,
1121 1687 1190 1727 tot
1226 1682 1349 1728 inter
1389 1683 1510 1739 odia,
1550 1687 1644 1728 tam
1681 1682 1959 1744 multiplices

493 1780 616 1824 inter
641 1779 832 1825 insidias
859 1780 931 1826 vel
959 1780 1206 1826 amicorum
1235 1780 1456 1838 versanti,
1485 1785 1531 1826 et
1551 1762 1756 1841 undique
1783 1780 1960 1826 distric-

492 1880 562 1919 tos
583 1874 700 1921 clam
721 1875 768 1920 in
791 1891 836 1921 se
856 1876 1077 1936 pugiones
1095 1876 1330 1934 sentienti,
1357 1876 1526 1923 licebat
1543 1877 1730 1923 Romam
1750 1876 1958 1923 omittere

496 1972 619 2018 unde
642 1973 686 2018 in
716 1973 871 2018 omnia
895 1973 1116 2034 regimen.
1155 1974 1322 2035 Ecquis
1345 1973 1489 2034 igitur
1513 1973 1728 2020 mediocri
1761 1974 1959 2035 pruden-

496 2069 578 2126 tia,
603 2069 770 2114 nedum
796 2069 876 2115 ille
899 2075 996 2115 tam
1019 2069 1253 2116 continuis
1275 2069 1471 2116 miseriis
1502 2069 1690 2115 edoctus
1713 2074 1760 2115 et
1793 2070 1962 2116 exerci-

495 2170 585 2221 tus,
626 2170 851 2226 corruptae
885 2165 1281 2227 discordantisque
1306 2165 1526 2223 civitatiS,
1557 2165 1646 2211 im'o
1673 2165 1794 2211 orbis
1823 2180 1961 2226 prope

499 2262 640 2306 totius
667 2243 1112 2308 administrationem
1140 2260 1332 2322 jamjam
1357 2266 1665 2322 suscepturus,
1702 2261 1962 2307 diffidentia

498 2355 682 2402 assidua
723 2362 992 2418 armataque
1031 2372 1078 2402 se
1114 2372 1203 2403 non
1242 2357 1530 2418 protexisset,
1570 2361 1751 2419 μελλητής
1775 2372 1863 2417 que
1890 2356 1964 2417 (ut

502 2453 630 2498 illum
674 2453 934 2499 deridentes
974 2451 1259 2513 vocabant2)
1299 2453 1459 2499 saltem
1506 2452 1772 2499 necessitate
1812 2451 1962 2498 factus

497 2555 613 2595 esset
626 2550 648 2595 ⁵?

562 2647 706 2703 Quem
733 2663 866 2708 porro
901 2651 1070 2693 statum
1111 2647 1244 2694 Urbis
1269 2647 1305 2693 si
1334 2647 1522 2709 paulum
1555 2646 1823 2709 perpendas,
1863 2661 1963 2692 con-

557 2855 563 2874 ·
588 2856 695 2893 suet.
722 2851 798 2892 Tib.
818 2851 1126 2893 xxm-Anu.
1141 2851 1199 2895 m„
1322 2850 1336 2869 ²
1356 2849 1559 2901 Josephus.

503 2939 564 2973 29.
