2118 3308
467 302 526 348 80
1069 317 1128 349 ΒΕ
1161 316 1323 351 mon-o

465 397 648 458 quidem
681 398 867 458 Imperii
892 412 1054 459 praeses
1085 400 1269 460 penitus
1293 405 1574 462 perspectam
1603 401 1770 448 habere
1794 407 1922 463 pote-

465 499 562 552 rat,
609 493 861 555 plerisque,
906 499 1092 555 propter
1137 495 1346 557 exempla
1387 496 1585 558 Augusti
1601 534 1614 555 ,
1662 494 1923 544 decennalis

465 588 783 635 tantummodo
817 589 965 636 videri
1006 591 1226 637 debuerat
1247 590 1277 637 ¹.
1316 592 1448 637 Hane
1477 592 1622 653 igitur
1654 608 1710 639 ex
1744 593 1922 654 integro

464 676 728 729 decertandi
756 685 1035 732 occasionem
1070 686 1309 745 factiones,
1339 702 1534 748 quarum
1560 694 1801 735 creverant
1821 703 1922 750 spes
1958 679 1961 682 ¹

464 783 509 823 et
523 778 692 837 studia,
711 778 945 826 inhiantes
963 785 1009 826 et
1028 780 1239 827 accinctae
1254 782 1609 842 opperiebantur
1626 799 1636 830 :
1653 782 1776 830 hunc
1792 784 1919 830 Tibe-

463 874 521 920 rii
539 875 779 935 potentiae,
802 892 940 937 quam
959 876 1007 922 in
1027 876 1123 923 dies
1141 877 1368 924 infensius
1381 878 1587 938 oderant,
1609 879 1858 926 terminum
1872 880 1920 926 in

462 975 612 1016 mente
638 985 721 1016 sua
740 976 1000 1018 statuerant
1036 973 1312 1035 quicumque
1339 974 1617 1021 reddendam
1645 975 1923 1035 judicabant

461 1065 738 1113 libertatem.
767 1068 934 1115 Iisdem
970 1070 1161 1115 stabant
1191 1071 1238 1116 in
1270 1070 1431 1117 castris
1464 1071 1543 1132 qui
1579 1071 1786 1118 defuncti
1818 1071 1923 1119 Ger·

459 1162 630 1208 manici
662 1162 778 1209 filios
802 1164 860 1209 ad
883 1164 1130 1226 imperium
1157 1166 1347 1212 adscisci
1372 1166 1593 1212 volebant
1618 1182 1628 1213 :
1664 1167 1750 1225 illi,
1777 1173 1921 1214 morte

458 1259 718 1307 Germanici
742 1277 793 1307 eo
815 1261 961 1322 magis
984 1262 1158 1308 irritati
1179 1278 1267 1324 quo
1291 1263 1445 1309 minus
1460 1261 1674 1322 juvenem
1705 1280 1731 1310 a
1754 1269 1919 1325 patruo

458 1356 598 1402 fuisse
616 1356 921 1418 interceptum
939 1358 1250 1405 demonstrare
1263 1364 1527 1420 potuerant,
1541 1360 1700 1421 populi
1716 1360 1919 1407 favorem

458 1467 567 1513 erga
591 1453 725 1500 illam
749 1454 979 1502 familiam
1007 1457 1331 1503 accendebant.

523 1639 645 1695 Quos
665 1639 764 1699 jam
790 1655 1048 1701 praegraves
1072 1639 1302 1701 Principis
1336 1644 1483 1686 metus
1514 1640 1724 1686 oneravit
1756 1656 1917 1702 repen-
1948 1633 1950 1636 ’

457 1735 559 1781 tina
583 1736 724 1782 Drusi
748 1736 832 1781 filii
858 1734 1011 1782 mors2
1020 1751 1033 1794 3
1062 1751 1162 1782 eam
1191 1736 1313 1782 enim
1346 1751 1438 1782 non
1465 1736 1521 1782 ad
1547 1751 1676 1782 veros
1704 1735 1919 1783 interfec-

458 1837 593 1889 tores,
629 1831 707 1877 sed
743 1832 800 1877 ad
834 1831 1079 1878 factionem
1115 1831 1201 1877 sibi
1238 1837 1350 1877 tunc
1381 1832 1580 1878 maxime
1611 1819 1842 1878 infensam>
1874 1839 1920 1878 et

456 1927 740 1989 apertissime
766 1933 862 1974 tam
885 1933 1140 1989 opportuno
1164 1943 1272 1974 casu
1298 1933 1529 1985 ovantem,
1551 1927 1676 1974 haud
1703 1928 1912 1986 absurde,

454 2023 563 2070 licet
586 2023 721 2081 falso,
751 2023 930 2070 retulit.

519 2215 626 2262 Jam
659 2216 906 2276 reputabat
935 2231 996 2273 se,
1035 2215 1213 2262 duobus
1241 2217 1409 2277 ereptis
1439 2217 1752 2274 munimentis,
1789 2231 1916 2278 posse

458 2310 662 2371 undique
697 2311 886 2372 propius
917 2311 1098 2369 incessi,
1137 2326 1278 2372 quum
1313 2311 1462 2357 audiit
1491 2312 1706 2358 laudibus
1735 2312 1913 2370 extolli,
1986 2290 1990 2292 i

458 2421 538 2467 per
573 2406 789 2453 historias
823 2413 935 2453 tunc
975 2407 1253 2466 celebratas,
1294 2407 1490 2453 Brutum
1526 2413 1572 2453 et
1608 2408 1832 2466 Cassium,
1871 2414 1918 2454 et

462 2519 483 2545 «
513 2502 699 2548 ultimos
736 2504 1043 2549 Romanorum
1072 2521 1093 2548 »
1132 2502 1302 2559 vocari,
1338 2503 1448 2563 quia
1471 2503 1649 2549 Julium
1683 2509 1915 2550 mactave-

512 2704 521 2723 ¹
545 2703 677 2743 Refert
695 2702 769 2742 Dio
791 2702 950 2743 Cassius
970 2702 1150 2742 celebra—
1224 2700 1314 2740 tatis
1349 2701 1505 2741 Tiberio
1539 2702 1742 2742 mandatae.
1777 2703 1914 2755 (Lvn,

458 2777 516 2811 tas
546 2773 678 2821 fuisse,
719 2773 866 2811 decimo
897 2775 935 2810 ct
967 2772 1148 2810 vicesimo
1224 2769 1291 2820 253
1312 2770 1442 2819 LVIII,
1463 2769 1543 2822 25.)

457 2843 576 2896 hujus
597 2843 842 2895 I‘rinciputus
863 2856 977 2891 anno,
1007 2855 1149 2893 quam-
1275 2838 1288 2858 ²
1310 2838 1407 2877 Ann.
1430 2837 1493 2887 IV,
1512 2839 1550 2888 8,
1576 2854 1632 2879 12.

460 2913 545 2950 dam
567 2913 684 2951 veluti
706 2912 991 2950 renovationem
1018 2914 1150 2962 potes-
