2118 3308
706 307 843 343 cch
880 309 1111 342 Tmnnmm
1591 293 1652 358 59

217 394 447 442 Caeterum
479 391 566 440 illa
594 408 716 439 mors
748 393 803 456 (si
838 408 930 439 non
960 391 1018 439 ad
1038 392 1191 440 fatum
1216 392 1462 440 referenda
1488 392 1653 439 videar

150 493 269 556 tur),
315 493 486 556 quibus
523 492 710 540 demum
742 492 946 540 inimicis
970 492 1250 555 imputanda
1288 492 1366 551 sit,
1404 508 1562 540 nonne
1592 508 1651 540 ex

150 592 262 655 ipsis
287 590 545 639 Annalibus
573 591 759 639 abunde
783 591 934 655 liquet
954 591 976 638 ‘2
1001 592 1127 639 Num
1152 590 1370 638 nefandis
1401 590 1576 638 Tiberii
1600 590 1650 637 in

147 690 296 738 filium
332 706 468 739 suum
493 690 732 737 mandatis
773 706 889 752 opus
917 691 976 737 ad
1001 690 1289 748 vexandum,
1337 690 1430 736 imo
1464 689 1652 736 interci-

145 791 368 853 piendum
393 790 743 849 Germanicum,
766 791 860 839 fuit
881 792 1058 851 Pisoni,
1087 792 1169 854 qui
1197 791 1418 849 Caesares,
1459 795 1515 837 ut
1533 791 1651 837 mul-

144 894 246 936 tum
271 889 415 948 infra,
436 889 755 951 despectabat,
777 894 923 951 utque
943 889 1118 951 priscos
1132 888 1282 950 patris
1304 887 1378 935 sui
1397 904 1480 950 pro
1500 889 1648 936 Bruto

143 992 190 1035 et
215 987 374 1035 Cassio
401 988 623 1035 acerrime
642 988 895 1035 militantis
917 986 1226 1045 adversarios,
1254 986 1603 1034 detestabatur¹
1625 987 1648 1033 ἵ)

142 1087 309 1135 Nonne
334 1087 449 1134 satis
475 1088 681 1134 ostendit
716 1088 813 1150 ipse
846 1103 936 1150 quo
974 1086 1197 1149 nequitiae
1229 1091 1276 1133 et
1313 1085 1522 1133 audaciae
1547 1102 1650 1149 pro-

145 1185 254 1232 vehi
283 1185 409 1232 ultro
447 1190 618 1247 posset,
665 1185 1054 1248 provincialibus,
1103 1200 1219 1248 quos
1262 1184 1352 1231 sibi
1397 1185 1648 1233 conciliare

142 1283 356 1331 Tiberius
380 1288 428 1331 et
453 1283 759 1332 Germanicus
790 1283 1060 1342 studebant,
1100 1282 1411 1330 contumelias
1435 1282 1646 1345 gratuito

140 1382 389 1444 ingerens;
436 1381 675 1431 Athenis2
716 1388 763 1430 et
798 1381 983 1430 Orienti
1007 1381 1246 1429 insultans
1262 1397 1275 1440 ;
1321 1397 1448 1428 nunc
1474 1382 1645 1453 Regem

140 1481 377 1529 Armeniis
411 1481 679 1528 volentibus
723 1498 749 1528 a
783 1481 965 1529 Caesare
1010 1480 1173 1527 datum
1206 1480 1468 1538 destruens,
1518 1494 1646 1527 nunc

141 1579 341 1628 alterum
380 1580 437 1627 ab
465 1580 624 1627 eodem
660 1579 832 1642 populo
858 1579 1107 1642 expulsum
1148 1578 1294 1625 amice
1338 1576 1638 1640 excipiens53

141 1684 204 1739 et,
222 1679 405 1742 quoties
425 1679 598 1727 Caesari
621 1679 679 1725 ad
697 1679 911 1725 tribunal
932 1678 1171 1736 assideret,
1194 1695 1217 1723 «
1242 1682 1377 1724 atrox
1395 1693 1450 1724 ac
1469 1678 1645 1725 dissen-

136 1779 226 1826 tire
251 1771 562 1826 manifestus⁴
595 1796 616 1823 ))
630 1793 643 1836 3
674 1794 783 1824 mox
814 1776 1172 1824 deterrimorum
1196 1776 1403 1824 militum
1429 1776 1642 1823 favorem

136 1876 254 1924 foede
280 1875 553 1940 quaerens53
600 1891 683 1938 per
712 1875 918 1937 legiones
948 1879 996 1922 et
1019 1875 1174 1933 urbes,
1219 1874 1278 1920 ad
1313 1890 1431 1936 quas
1457 1890 1637 1936 compo-

135 1974 312 2022 nendas
333 1975 500 2044 missus
521 1980 639 2032 erat,
667 1973 931 2033 lasciviam,
959 1973 1232 2033 discordias,
1249 1973 1358 2021 odia
1376 1974 1635 2035 turbasque

130 2089 285 2121 serens
300 2090 313 2132 3
343 2073 545 2136 denique
571 2073 823 2136 provinciae
849 2073 1055 2135 regimen
1087 2088 1177 2135 quo
1201 2073 1426 2136 indignus
1454 2074 1511 2120 ab
1543 2089 1635 2119 om-

129 2174 268 2221 nibus
286 2174 568 2230 habebatur,
600 2171 731 2218 civili
748 2171 871 2218 bello
894 2186 1035 2217 ausus
1051 2170 1292 2233 repetere⁶
1309 2171 1332 2217 ?
1351 2172 1519 2219 Nonne
1545 2171 1634 2218 hac

128 2271 355 2320 violentia
396 2271 659 2333 Principem
707 2271 858 2332 ipsum
894 2286 1023 2332 aeque
1066 2285 1118 2316 ac
1153 2270 1387 2332 Principis
1423 2270 1630 2332 legatum

130 2370 459 2419 Germanicum
484 2369 797 2432 impugnabat
816 2369 839 2414 ⁶?

191 2486 441 2533 Hominem
478 2485 601 2531 circa
632 2484 846 2546 publicas
880 2499 953 2529 res
990 2484 1102 2530 adeo
1128 2488 1307 2530 trucem
1345 2488 1392 2530 et
1429 2483 1627 2531 ferocem

126 2602 217 2648 quo
244 2586 432 2648 privata
459 2584 674 2630 simultas
700 2583 938 2645 impellere
967 2582 1188 2641 valuerit,
1218 2583 1322 2644 quis
1348 2588 1525 2630 statuet
1541 2584 1564 2630 ἶ)

180 2810 186 2830 “
211 2812 310 2850 Anu.
331 2813 374 2861 ΙΙ,
397 2811 461 2863 13.
790 2859 792 2861 ‚
959 2811 972 2831 ⁴
996 2813 1094 2851 Anu.
1119 2813 1162 2860 ΙΙ,
1184 2811 1247 2864 57.

176 2876 190 2895 ²
212 2877 257 2926 ΙΙ,
280 2876 343 2917 55.
958 2884 971 2903 ⁵
995 2881 1058 2922 55.
1083 2888 1086 2891 ⁴

176 2947 190 2967 ³
213 2946 275 2989 58.
960 2953 974 2973 ⁰
995 2952 1060 2993 80.
