2118 3308
676 258 813 291 (amosi
847 254 1077 289 TIBERlUM
1560 240 1588 284 3
1604 257 1615 284 1

193 359 277 409 Vel
297 359 568 408 restitutum
596 361 644 406 in
671 361 826 423 patria
853 359 991 406 timor
1017 357 1219 419 angebat
1233 355 1532 429 exAug'usto,
1548 355 1623 400 cui

128 476 177 507 se
204 475 451 522 nunquam
468 464 655 521 gratum
682 459 780 506 fore
805 458 1054 515 sentiebat,
1085 460 1132 502 et
1152 471 1179 502 a
1199 470 1297 517 quo,
1314 453 1472 500 fuerat
1490 469 1623 500 revo-
1648 465 1651 468 ⁴

129 563 264 612 catus
286 573 342 605 ea
361 556 627 604 conditione
649 556 853 615 demum,
890 572 948 602 ne
982 569 1124 617 quam
1150 552 1420 615 reipublicae
1443 557 1625 615 partem

132 656 402 718 attingeret.
430 654 558 714 Ideo,
583 653 673 701 sibi
691 669 865 701 novum
893 652 1129 715 quoddam
1164 652 1240 699 vel
1265 652 1395 698 intra
1433 652 1626 699 Romam

130 754 348 802 exsilium
373 753 604 814 irrogans,
634 768 659 799 e
683 751 869 800 Carinis
896 751 954 797 ad
973 751 1242 797 Maecenat-is
1259 750 1416 797 hortos
1435 750 1623 810 secedit,

130 853 230 912 ubi,
259 852 384 899 inter
410 850 755 914 grammaticos,
795 850 1019 897 inanibus
1043 849 1311 896 litterarum
1352 849 1521 896 studiis
1553 849 1628 895 in-

134 951 311 1014 dulget.
333 950 581 998 Defunctis
610 956 715 1013 post
736 950 994 998 triennium
1023 949 1136 997 Caio
1171 954 1218 996 et
1239 948 1400 1008 Lucio,
1432 948 1627 1012 adopta-

132 1055 210 1096 tus
243 1049 301 1095 ab
328 1048 559 1110 Augusto,
604 1063 731 1110 spem
767 1048 1076 1095 ‘successionis
1117 1053 1292 1095 certam
1334 1048 1525 1095 tandem
1561 1053 1631 1095 te-

132 1147 253 1194 nuit.
307 1147 618 1195 Permanebat
658 1153 816 1194 tamen
866 1152 1032 1206 metus,
1077 1152 1265 1209 propter
1314 1146 1528 1194 invidam
1580 1162 1633 1193 ac

133 1247 417 1309 suspicacem
439 1246 671 1308 Principis
702 1252 750 1293 et
780 1246 928 1308 ipsius
950 1246 1250 1309 Principatus
1273 1246 1479 1294 indolem
1505 1262 1515 1292 1
1540 1262 1631 1309 quo

133 1344 284 1406 magis
313 1344 460 1406 igitur
487 1344 546 1390 ad
572 1344 693 1390 illud
718 1344 961 1406 fastigium
987 1344 1178 1391 fortuna
1215 1350 1262 1391 et
1287 1344 1495 1391 omnium
1532 1346 1632 1407 opi-

136 1441 276 1489 nione
296 1441 530 1501 evehitur,
555 1458 606 1489 eo
625 1442 852 1490 humilius
878 1458 926 1489 se
955 1442 1175 1505 deprimit
1200 1458 1208 1488 :
1240 1442 1365 1489 domi
1394 1442 1515 1489 nihil
1533 1441 1633 1502 jam

134 1557 221 1603 pro
242 1546 378 1603 patre
399 1539 605 1586 familias
624 1556 776 1602 agere,
803 1556 856 1587 ac
876 1556 933 1587 ne
954 1539 1111 1602 legata
1130 1539 1319 1601 quidem
1345 1541 1581 1602 percipere
1598 1540 1632 1598 ¹,

135 1643 190 1685 ut
215 1637 298 1700 qui
325 1638 447 1685 nihil
464 1637 564 1699 jam
591 1638 668 1697 sit,
701 1637 791 1685 nisi
810 1654 892 1701 per
917 1638 1201 1700 Augustum.

204 1736 382 1785 Castris
408 1753 517 1783 mox
540 1736 769 1795 redditus,
800 1736 912 1783 dum
932 1753 978 1783 se
1015 1737 1238 1785 adversus
1266 1737 1420 1786 hostes
1456 1752 1637 1802 semper

142 1837 367 1885 audacem
388 1837 579 1899 praebet,
604 1831 816 1898 respectu
859 1840 1018 1883 tamen
1061 1835 1313 1899 Principis,
1358 1843 1637 1885 cunctanter

139 1937 341 1999 imperat
369 1951 378 1982 :
426 1936 598 1983 multos
627 1936 768 1994 enim,
799 1940 967 1997 praeter
986 1951 1119 1982 suam
1145 1936 1546 1997 consuetudinem,
1590 1938 1638 1983 in

144 2034 327 2082 consilii
350 2039 530 2097 partem
552 2049 718 2079 vocare
733 2030 779 2090 2;
824 2032 1071 2079 debellatis
1113 2033 1360 2081 Pannonia
1385 2039 1432 2081 et
1452 2034 1639 2083 Germa·

143 2133 240 2193 nia,
269 2130 564 2193 triumphum
587 2130 791 2189 eludere,
820 2130 1023 2190 differre,
1051 2136 1098 2178 et
1122 2148 1227 2178 cum
1251 2133 1347 2179 suis
1367 2133 1492 2180 ultro
1514 2150 1637 2180 com-

142 2232 381 2280 municare
407 2231 603 2292 legatis:
654 2230 713 2277 ad
735 2230 1020 2292 Capitolium
1050 2231 1252 2294 denique
1285 2247 1636 2294 conscensurus,

139 2331 342 2393 primum
383 2346 522 2377 curru
557 2328 811 2386 descendit,
853 2344 898 2373 se
934 2328 1200 2388 praesidenti
1243 2331 1368 2392 patri
1402 2332 1640 2378 submittit

145 2430 202 2477 ad
231 2445 401 2491 genua,
443 2433 681 2490 spectante
727 2426 935 2488 popul03
973 2427 1222 2474 manubias
1257 2444 1349 2474 non
1387 2407 1529 2476 Marti
1557 2436 1640 2477 aut

140 2529 267 2588 Jovi,
306 2545 363 2575 ne
396 2527 623 2590 superbiae
658 2531 948 2588 argueretur,
972 2522 1051 2572 sed
1088 2526 1358 2573 Concordiae
1384 2534 1431 2574 et
1454 2528 1638 2575 Gemel-

136 2624 213 2685 lis,
257 2631 390 2672 caute
433 2623 684 2681 dedicat-53
716 2609 837 2669 nihil
875 2623 1077 2685 denique
1116 2624 1204 2670 nisi
1243 2625 1423 2687 trepide
1460 2631 1506 2671 et
1528 2631 1638 2672 tan-

138 2740 280 2786 quam
298 2722 595 2771 ineluctabili
616 2737 859 2783 oppressus
874 2720 1005 2782 jugo,
1036 2737 1171 2784 agere
1190 2721 1394 2770 videtur.

194 2854 202 2873 ¹
228 2856 336 2895 Suet.
357 2855 443 2894 XV.
980 2851 994 2871 ³
1017 2853 1124 2891 Suet.
1147 2853 1232 2892 XX.

172 2925 204 2983 '²
227 2926 334 2965 Suet.
355 2925 495 2964 XVIII.
