2118 3308
688 257 823 290 emm
859 258 1087 290 'munuum
1579 260 1639 307 29

204 342 358 398 Quum
385 340 509 388 enim
545 341 662 387 nihil
701 343 849 404 magis
886 359 1026 405 quam
1067 349 1360 407 contemptus
1396 345 1639 392 hominum

139 447 187 489 et
215 441 402 488 assidua
427 440 484 487 de
510 441 701 503 propria
742 441 894 489 salute
932 442 1165 503 anxietas,
1207 459 1312 490 cum
1343 460 1422 507 spe
1447 459 1639 491 summae

139 539 339 586 fortunae
364 539 532 599 mixta,
563 540 820 602 quemlibet
846 542 1127 588 conturbare
1153 547 1200 589 et
1230 541 1528 605 pessumdare
1556 559 1640 590 va-

138 637 251 697 leat,
281 653 356 685 eos
393 653 553 685 sensus
581 639 682 685 vita
718 639 870 686 Rhodi
896 645 1000 687 acta
1026 639 1189 687 debuit
1214 640 1263 687 in
1288 641 1472 688 Tiberio
1499 657 1640 704 quam

139 736 545 784 vehementissime
564 737 768 785 irritare.
793 739 882 786 Per
907 739 1060 801 prima
1086 738 1212 786 enim
1229 739 1385 786 exsilii
1409 745 1637 803 tempora,

140 836 197 882 ab
223 836 439 882 omnibus
464 852 510 883 se
537 837 687 883 excoli
714 837 851 897 vidit,
882 843 937 884 ut
964 838 1046 899 qui
1085 838 1402 886 Tribunitiam
1434 844 1640 901 potesta-

137 940 230 982 tem
257 939 304 981 et
328 934 505 982 famam
532 934 751 982 amicitiae
781 934 986 996 Augusti
1021 935 1168 982 Roma
1202 936 1493 983 abstulerat:
1523 953 1642 999 qua-

139 1051 241 1082 rum
268 1050 477 1094 munere,
508 1050 668 1082 omnes
693 1034 826 1081 illam
858 1034 1092 1097 Principis
1129 1035 1264 1097 quasi
1296 1036 1549 1098 imaginem
1576 1053 1644 1084 re-

138 1134 301 1194 ligiose
327 1132 478 1180 vereri
506 1134 753 1180 certabant
774 1149 783 1179 :
808 1132 917 1179 hinc
938 1133 1102 1180 sedula
1125 1134 1299 1181 civium
1321 1151 1638 1197 romanorum,

139 1231 528 1300 magistratuum,
577 1232 838 1293 legatorum
879 1233 936 1277 ab
976 1232 1098 1279 Urbe
1137 1232 1195 1278 ad
1229 1233 1496 1295 provincias
1534 1252 1645 1297 prae—

138 1330 546 1390 ternavigantium
573 1330 722 1376 officia
752 1346 761 1375 :
793 1331 903 1377 hinc
939 1331 1144 1392 ipsorum
1170 1332 1507 1381 Rhodiensium
1534 1350 1645 1395 erga

142 1428 375 1491 insignem
414 1434 462 1477 et
494 1433 639 1476 tantae
679 1427 776 1490 spei
814 1427 1041 1490 hospitem
1083 1429 1396 1490 adulat-iones,
1443 1448 1643 1494 quarum

141 1527 378 1574 servilitas
411 1543 559 1588 usque
596 1526 654 1572 ad
687 1525 1014 1573 crudelitatem
1051 1526 1245 1589 delapsa
1267 1534 1339 1575 est
1367 1545 1377 1576 z
1408 1531 1644 1592 quondam

142 1628 284 1686 enim,
314 1642 477 1688 quiun,
515 1641 653 1672 mane
679 1625 803 1672 diem
827 1626 1093 1688 disponens,
1122 1613 1415 1688 praedixisset
1433 1645 1480 1676 se
1499 1647 1645 1692 aegros

147 1742 306 1785 omnes
328 1726 522 1772 visitare
552 1726 689 1782 velle,
713 1725 957 1772 confestim
985 1726 1269 1774 Rhodienses
1295 1728 1486 1775 miseros
1520 1729 1640 1787 illos,

144 1824 276 1872 nullo
302 1823 464 1871 habito
495 1822 822 1870 infirmitatum
847 1829 896 1871 et
919 1823 1118 1885 periculi
1159 1832 1389 1888 respectu,
1431 1827 1646 1874 domibus

145 1925 242 1971 suis
264 1923 315 1970 in
335 1923 574 1986 publicam
604 1923 835 1984 porticum
873 1922 1068 1981 delatos,
1109 1938 1192 1985 per
1217 1924 1547 1978 valetudinum
1573 1942 1646 1987 ge-

144 2039 258 2070 nera
280 2024 598 2085 eXposuerunt
622 2022 651 2068 ¹.
690 2023 823 2078 Quod
850 2022 1037 2083 quidem
1064 2023 1242 2069 factum
1268 2023 1482 2071 Tiberius
1510 2025 1646 2072 adve-

144 2122 277 2168 niens
322 2121 395 2167 vel
440 2119 713 2168 tenuissimo
752 2119 919 2182 cuique
964 2122 1210 2168 excusavit
1239 2138 1248 2168 ι
1280 2123 1358 2170 sed
1396 2124 1639 2185 populum,

143 2222 224 2284 qui
251 2221 431 2284 potenti
459 2221 561 2267 viro
589 2220 957 2282 propinquorum
990 2224 1038 2266 et
1069 2225 1318 2281 parentum
1345 2237 1535 2269 suorum
1561 2222 1644 2269 do-

143 2321 263 2369 lores
289 2322 335 2368 in
368 2321 685 2384 spectaculum
719 2320 842 2365 ultro
881 2325 1173 2380 proponeret,
1208 2336 1362 2367 nonne
1398 2322 1563 2368 merito
1592 2338 1644 2368 ac

143 2419 400 2472 necessario
429 2419 738 2482 adspernatus
764 2423 833 2464 est
846 2419 868 2463 ἱ)

209 2521 460 2582 Postquam
513 2534 636 2576 vero,
681 2521 917 2563 transacto
958 2515 1206 2564 tribunatu
1246 2524 1506 2580 negatoque
1563 2518 1645 2566 Ro-

145 2634 266 2665 mam
289 2617 443 2664 reditu
469 2631 607 2678 quem
630 2615 983 2676 imploraverat,
1018 2615 1160 2662 etiam
1196 2616 1462 2663 admonitus
1488 2622 1558 2664 est
1585 2615 1642 2664 ab

147 2718 357 2777 Augusto
389 2736 408 2757 «
435 2715 692 2761 dimitteret
719 2728 876 2761 curam
902 2729 1061 2759 eorum
1089 2730 1202 2774 quos
1228 2720 1326 2760 tam
1353 2714 1519 2775 cupide
1539 2715 1643 2761 reli-

204 2916 210 2934 ¹
235 2917 343 2955 Suet.
360 2916 425 2954 xl.
