2118 3308
478 319 543 370 ‚8ss
1096 330 1156 361 nn
1190 327 1351 361 norro

481 414 790 476 temperantia
827 413 891 475 (id
922 412 1045 459 enim
1079 415 1251 472 septem
1283 424 1364 472 per
1397 423 1541 456 annos
1570 407 1783 455 omnibus
1815 406 1955 453 credi-

483 510 622 572 tum),
651 509 853 572 periisse,
881 508 959 555 sed
985 523 1161 555 veneno
1187 505 1309 569 quod
1333 505 1462 553 fraus
1480 504 1663 553 Livillae
1684 509 1731 551 et
1756 501 1956 551 adulteri

486 604 642 665 Sejani
667 608 1031 666 comparaverat.

548 703 678 749 Tunc
707 716 814 748 vero
844 699 986 748 Drusi
1011 703 1160 761 pater,
1190 701 1420 760 comperto
1450 712 1498 744 se
1517 697 1697 744 tamdiu
1730 711 1757 742 a
1793 694 1957 756 Sejano

487 798 716 856 delusum,
744 812 879 859 quem
901 812 1026 844 nunc
1044 796 1185 843 etiam
1204 796 1403 857 putabat
1419 794 1506 842 sibi
1522 794 1664 842 fidum
1683 792 1960 856 aliquantis-

487 912 568 959 per
593 895 748 952 fuisse,
777 899 999 956 reputans
1023 909 1071 940 se
1095 893 1278 940 insidiis
1302 893 1535 940 irretitum
1566 907 1743 958 semper
1768 890 1956 948 vixisse,

490 1008 544 1039 ac
576 1007 633 1039 ne
670 1007 815 1038 unum
866 989 1051 1053 quidem
1086 989 1318 1036 hominem
1359 1004 1467 1036 vere
1501 989 1574 1036 sui
1609 992 1841 1035 amantem
1876 986 1961 1032 ha-

489 1087 658 1145 buisse,
706 1086 816 1133 adeo
855 1085 1031 1133 exarsit
1071 1090 1118 1131 et
1158 1089 1312 1131 mente
1337 1088 1499 1146 captus
1531 1089 1615 1143 est,
1643 1089 1713 1143 ut,
1753 1083 1886 1145 quasi
1916 1097 1963 1129 se

490 1183 684 1231 infensis
713 1182 883 1244 gladiis
913 1181 1120 1244 undique
1157 1182 1387 1227 obsessum
1430 1180 1624 1239 videret,
1656 1179 1756 1241 jam
1788 1179 1963 1226 nullius

491 1280 734 1328 tormentis
760 1285 842 1326 aut
864 1278 1088 1341 supplicio
1114 1278 1368 1340 pepercerit
1385 1277 1417 1324 ¹.

561 1378 691 1426 Caeca
727 1377 849 1423 enim
871 1391 924 1423 ac
946 1375 1094 1422 veluti
1119 1374 1326 1420 fanatica
1350 1373 1600 1421 instinctus
1624 1373 1769 1431 rabie,
1809 1373 1883 1420 vel
1913 1374 1964 1420 in

521 1474 722 1522 maxime
756 1474 943 1520 intimos
980 1487 1032 1518 ac
1069 1471 1312 1518 continuos
1348 1471 1550 1529 comites,
1588 1475 1741 1518 vetere
1773 1485 1964 1517 consue-

491 1571 655 1617 tudine
694 1575 824 1616 notos
849 1574 895 1615 et
920 1572 1028 1614 ante
1058 1568 1189 1614 illam
1219 1566 1340 1614 diem
1381 1567 1570 1614 minime
1607 1572 1855 1629 suspectos,
1894 1567 1966 1613 de-

492 1668 646 1726 saevit;
675 1672 789 1713 tunc
814 1665 1013 1712 caedibus
1037 1664 1180 1711 caedes
1205 1663 1435 1722 cumulat,
1464 1669 1577 1710 tunc
1591 1663 1815 1725 sanguine
1830 1678 1966 1724 rupes

492 1765 599 1811 illas
647 1763 845 1825 complet
887 1777 1021 1824 quas,
1060 1764 1230 1807 natura
1278 1760 1463 1822 quidem
1501 1760 1848 1819 amoenissimas,
1889 1759 1966 1806 sed

494 1861 714 1910 memoria
756 1861 803 1906 in
836 1864 1059 1906 aeternum
1085 1859 1325 1918 deformes,
1356 1873 1480 1904 nunc
1505 1857 1643 1904 etiam
1671 1856 1969 1919 praeternavi-

494 1974 626 2021 gans,
654 1973 680 2003 a
703 1956 859 2004 nautis
883 1961 1178 2015 monstratas,
1200 1960 1255 2002 ut
1269 1955 1471 2002 maxime
1485 1953 1754 2001 exsecrandi
1775 1952 1966 2016 tyranni

495 2054 803 2111 carnificinas,
832 2053 988 2099 horres
1008 2068 1061 2099 ac
1079 2052 1270 2114 refugis.

559 2253 795 2301 Tiberium
820 2252 981 2314 igitur,
1022 2252 1158 2298 rebus
1183 2250 1380 2313 publicis
1414 2250 1645 2297 intentum
1685 2264 1738 2296 ac
1771 2249 1990 2296 modeste⁴

498 2366 631 2413 agere
657 2350 935 2411 cupientem,
975 2348 1099 2394 ultro
1134 2347 1378 2393 irritavere
1402 2346 1653 2404 factiones;
1698 2361 1804 2392 mox
1844 2345 1973 2392 terri-

496 2454 596 2494 tum
639 2461 775 2508 seque
802 2444 1121 2492 defendentem
1146 2443 1238 2490 illae
1259 2443 1309 2490 in
1335 2441 1465 2505 pejus
1490 2447 1731 2489 mutavere
1760 2457 1770 2488 z
1800 2442 1974 2489 mutuis

500 2545 580 2591 ille
610 2545 921 2590 Romanorum
944 2541 1066 2588 inter
1100 2556 1146 2587 se
1179 2539 1531 2587 colluctantium
1563 2539 1680 2586 odiis
1706 2539 1838 2600 quasi
1873 2555 1974 2585 con-

501 2640 677 2696 vulsuS,
712 2638 821 2685 dum
848 2637 1054 2699 pericula
1095 2636 1290 2695 saevitia,
1334 2636 1443 2682 dum
1480 2650 1613 2681 curas
1654 2635 1974 2696 voluptatibus

501 2739 684 2784 laborat
706 2735 950 2797 depellere,
979 2734 1037 2781 ad
1064 2735 1206 2781 imum
1232 2732 1365 2779 illum
1392 2731 1609 2793 uequitiae
1641 2747 1693 2778 ac
1727 2731 1973 2793 turpitudi-

557 2941 564 2960 '
590 2941 696 2981 Suet.
719 2939 834 2979 [ΧΗ.
