2118 3308
676 319 813 353 cch
847 318 1078 351 mmmmm
1570 306 1625 359 4¹

134 408 254 455 rima
294 421 487 468 qumque
536 405 770 467 pr0ni01·,..
793 403 907 450 adeo
946 408 1002 449 ut
1039 401 1270 450 Dmsiam'
1309 402 1633 448 vocitarentur

134 520 266 553 enses
291 502 564 560 acutissimi,
594 518 678 565 pro
705 501 962 564 Republica
988 505 1135 547 staret
1155 499 1188 546 ¹.
1228 499 1500 547 Subsidium
1526 499 1632 562 qui-

133 604 237 650 dem
273 601 428 665 potu-it
467 575 653 662 sperare
690 600 826 646 novis
863 615 890 645 a
924 598 1174 646 Nobilibus
1211 598 1488 660 civibusque
1536 598 1648 653 illis>

133 698 397 763 oppidanis,
428 713 544 761 quos
570 699 684 760 ipse,
718 697 940 759 Augusti,
970 698 1029 744 D.
1057 697 1178 745 Julii
1203 697 1438 760 Mariique
1482 711 1643 745 exem-1³

132 797 336 861 plumet
359 796 558 844 consilia
589 801 809 855 sectatus,
847 796 993 843 socios
1018 811 1076 843 ex
1116 795 1328 843 hostibus
1353 795 1545 855 fecerat,
1587 801 1647 843 et·

101 935 105 939 .
136 898 183 944 in
212 895 496 943 consortium
525 896 745 943 Romanae
769 894 1129 957 magnitudinis,
1159 899 1215 940 ut
1227 893 1434 956 profecto
1448 910 1644 956 aequum>

131 994 226 1043 fuit
242 992 707 1052 {olim-vocaverat».
738 993 829 1040 Sed·
845 993 1054 1039 nondum
1080 993 1195 1039 satis
1216 992 1345 1039 inter
1373 1007 1419 1039 se
1448 992 1644 1040 coalue-²

130 1099 241 1142 rant
274 1093 383 1140 novi
417 1092 494 1139 isti
522 1092 736 1150 Romani,
778 1108 803 1139 e
827 1091 1026 1138 diversis
1051 1091 1177 1138 orbis
1213 1091 1379 1138 domiti
1418 1092 1636 1154 partibus

132 1195 259 1241 intra
298 1193 459 1239 eadem
501 1191 674 1238 moenia
703 1190 880 1250 collati,
921 1196 977 1237 ut
1014 1190 1210 1238 solidam
1250 1191 1419 1253 prioris
1455 1190 1635 1238 Nobili-

130 1291 242 1339 tatis
275 1292 526 1337 factionem
563 1294 795 1336 terrerent
824 1304 834 1335 z
862 1289 954 1336 imo
995 1290 1247 1336 nonnullos
1289 1289 1367 1337 vel
1398 1290 1457 1337 de
1495 1290 1629 1337 novis

129 1391 412 1438 seducebant
439 1389 498 1435 ad
522 1404 568 1435 se
594 1393 775 1435 veteres
804 1388 1016 1447 Patricii,
1045 1403 1131 1434 sua
1167 1387 1434 1434 infortunia
1459 1403 1627 1450 propo-

131 1494 295 1537 nentes
314 1488 636 1550 majorumque
656 1487 840 1546 decora,
867 1503 950 1549 per
971 1492 1120 1534 totam
1147 1487 1465 1533 Romanarum
1490 1486 1630 1532 histo-

128 1588 322 1646 riarum,
352 1603 379 1633 a
405 1602 451 1634 se
477 1586 574 1633 fere
597 1586 975 1647 compositarum,
1000 1586 1165 1634 seriem
1185 1590 1492 1633 ostentantes.

195 1685 316 1733 Dein
343 1684 555 1747 plerique
590 1684 830 1731 Novorum
865 1700 948 1746 pro
976 1683 1275 1745 Principibus
1311 1684 1463 1730 acrius
1488 1700 1627 1746 quam
1695 1705 1701 1710 »

131 1783 410 1845 prudentius
431 1783 723 1839 nitebantur,
755 1780 1035 1842 Caesarique,
1064 1781 1175 1827 dum
1199 1780 1365 1827 titulos
1386 1796 1440 1827 ac
1465 1787 1628 1843 poten-

129 1879 246 1930 tiam
288 1884 607 1941 congererent,
657 1879 854 1940 speciem
893 1878 1086 1941 tyranni
1135 1879 1211 1926 vel
1251 1879 1383 1926 ducis
1408 1880 1628 1941 'partium

131 1979 299 2027 addere
338 1983 572 2041 poterant.
604 1978 818 2040 Denique
847 1977 1033 2024 illorum
1060 1977 1234 2037 studia,
1277 1983 1331 2024 ut
1357 1978 1520 2036 nimia,
1562 1979 1630 2027 ita

133 2094 224 2125 non
247 2079 456 2136 sincera3
480 2078 682 2125 Caesares
700 2092 880 2138 nempe,
905 2081 960 2122 ut
980 2076 1069 2123 sibi
1089 2076 1320 2135 faventes,
1343 2078 1624 2134 tuebantur;

133 2175 229 2234 sed,
259 2181 314 2223 ut
337 2175 582 2233 Patricios,
608 2174 804 2222 oderant
826 2189 836 2219 ι
867 2174 1210 2236 providendum
1237 2190 1344 2236 ergo
1372 2174 1531 2237 (idque
1557 2190 1628 2222 res

132 2275 230 2336 ipsa
257 2290 364 2322 mox
391 2273 590 2335 docuit),
628 2288 702 2330 ne,
741 2287 958 2334 prospero
992 2269 1148 2319 rerum
1180 2288 1320 2319 cursu
1359 2258 1628 2319 audaciores

129 2371 242 2419 facti
285 2371 543 2433 opibusque
586 2368 815 2430 pollentes
835 2406 845 2424 ,
894 2368 1046 2429 ipsum
1090 2368 1415 2431 Principatum
1466 2385 1628 2432 rapere

132 2469 495 2532 aggrederentur
509 2467 544 2513 5.

195 2652 399 2699 Diversae
442 2653 531 2699 illae
562 2664 732 2714 partes,
777 2668 921 2714 quum
945 2654 1187 2700 civitatem
1213 2653 1546 2714 distraherent,
1575 2655 1624 2703 in

188 2848 194 2868 ¹
218 2848 292 2890 Dio
315 2851 425 2891 Cass.
446 2851 567 2901 LVII,
587 2865 627 2905 p.
648 2852 743 2901 620,
764 2854 807 2892 C.
908 2867 924 2885 ‹
953 2850 1108 2903 perium
1130 2849 1250 2890 armis
1271 2852 1497 2891 tuebantur.
1530 2868 1546 2887 υ

185 2919 198 2940 ²
221 2919 320 2961 vell.
340 2922 492 2962 Patere.
516 2923 560 2972 11,
586 2921 631 2962 15
651 2937 658 2962 :
681 2940 697 2958 «
728 2924 840 2962 Pete·
966 2922 980 2942 ³
1003 2922 1101 2962 Ann.
1126 2922 1190 2971 lv,
1214 2937 1246 2962 1.

131 3006 147 3024 ‹
177 2991 270 3032 bant
290 2992 389 3033 enim
408 2993 619 3044 civitat-eiu,
641 2993 755 3046 cujus
773 2994 842 3032 iin-
