2118 3308
470 329 522 357 10
851 325 909 356 DE
944 323 1105 356 TAcrro
1147 321 1281 356 cmczx
1315 321 1539 354 TmERmM

462 407 819 454 dominationem
860 411 1106 467 erepserat,
1154 403 1539 451 absolutissimum
1574 404 1703 450 illius
1751 403 1925 464 peritiae

463 503 644 565 populis
663 517 837 562 semper
867 502 1082 548 cavendae
1100 501 1336 562 exemplar
1371 500 1609 561 apparuit:
1638 498 1769 559 cujus
1794 515 1926 560 porro

463 598 719 646 reconditos
751 612 910 644 sensus
942 611 1223 657 expromere,
1253 596 1495 657 perplexas
1521 599 1641 641 artes
1677 594 1924 655 explicare,

464 695 673 741 clausum
719 693 924 740 animum
962 692 1295 753 quodammodo
1337 706 1655 753 perrumpere,
1696 690 1929 736 illustrare

464 806 643 837 summa
673 805 757 851 ope
781 789 997 836 connisus
1025 794 1122 846 est,
1152 803 1340 850 sperans
1379 787 1476 833 fore
1500 792 1554 833 ut
1579 787 1760 832 nullum
1800 785 1930 831 dein-

465 902 569 948 ceps
606 885 847 948 tyrannidi
898 889 1154 946 superesset
1182 884 1272 930 iter
1306 899 1399 970 (1¹2¹ss
1441 883 1783 972 inexp30ratum
1818 882 1930 928 insi-

472 998 622 1028 nuans
645 987 848 1043 posteros
866 982 1066 1028 falleret.

528 1079 660 1125 Piam
685 1078 896 1140 equidem
932 1079 1063 1125 illam
1088 1079 1243 1140 patria
1267 1078 1323 1124 de
1347 1078 1563 1124 libertate
1596 1077 1934 1138 providentiam

467 1175 579 1222 satis
604 1176 815 1236 probare,
845 1175 956 1221 satis
982 1175 1194 1221 venerari
1221 1189 1395 1236 nequeo
1421 1190 1431 1220 :
1471 1189 1613 1235 quum
1638 1173 1760 1220 enim
1786 1178 1937 1234 posset

467 1272 667 1332 optimus
701 1271 781 1317 ille
813 1271 945 1329 civis,
975 1271 1173 1332 peractis
1192 1269 1292 1330 jam
1326 1257 1671 1331 quatuordecim
1716 1268 1939 1316 Historia-

466 1382 566 1414 rum
608 1367 755 1425 libris,
806 1367 971 1413 Nervae
1010 1366 1322 1427 principatum
1363 1365 1645 1426 Trajanique
1695 1365 1938 1427 imperium

467 1462 673 1524 exsequi,
731 1479 752 1506 «
781 1461 1037 1508 uberiorem
1061 1461 1423 1522 securioremque
1449 1460 1722 1508 materiam¹
1756 1479 1798 1519 »,
1827 1467 1940 1508 tunc

467 1565 513 1606 et
539 1575 565 1605 a
589 1558 735 1619 poetis
760 1557 1125 1604 concelebratam
1139 1555 1175 1615 2,
1204 1561 1387 1603 moestas
1412 1557 1552 1604 Urbis
1576 1573 1646 1603 res
1671 1557 1939 1618 tristemque

467 1660 513 1701 et
537 1654 587 1700 in
614 1658 808 1715 angusto
838 1653 1042 1700 laborem
1073 1653 1295 1714 praet-ulit,
1337 1653 1549 1714 prodesse
1578 1653 1726 1714 magis
1750 1653 1940 1714 cupiens

467 1767 606 1813 quam
643 1750 908 1798 delectari5.
955 1751 1079 1796 Hinc
1108 1757 1263 1796 tamen
1298 1750 1554 1811 periculum
1588 1749 1838 1808 oriebatur,
1884 1765 1941 1796 ne

473 1848 648 1894 scilicet
669 1847 796 1894 dolos
821 1862 960 1908 quam
983 1847 1205 1908 plurimos
1232 1847 1355 1908 apud
1381 1861 1515 1893 suum
1540 1852 1793 1909 tyrannum
1811 1846 1940 1906 cupi-

478 1943 564 1990 dus
598 1942 840 2004 detegendi
867 1942 1167 2003 notandique,
1209 1942 1346 1988 nimis
1370 1942 1521 1988 multa
1545 1941 1871 2003 certoperfidiae
1897 1945 1943 1988 et

478 2038 782 2085 immanitatis
807 2038 997 2083 consilio
1024 2037 1318 2083 adscriberet.

541 2134 691 2196 Igitur
715 2134 917 2192 Tacitus,
955 2136 1011 2180 ob
1038 2134 1146 2180 vitae
1177 2140 1374 2196 tempus,
1414 2135 1470 2180 ob
1495 2134 1722 2195 pueritiae,
1767 2135 1943 2182 adoles-

479 2231 639 2278 centiae
661 2245 713 2276 ac
730 2230 939 2290 juventae
966 2230 1103 2289 vices,
1133 2232 1189 2276 ob
1215 2229 1450 2286 instituta,
1480 2231 1536 2275 ob
1563 2245 1725 2287 mores,
1748 2230 1945 2292 denique

479 2330 535 2375 ob
560 2329 706 2390 ipsam
734 2328 986 2375 asserendae
1010 2328 1059 2374 in
1086 2333 1316 2389 posterum
1342 2327 1572 2374 libertatis
1596 2344 1770 2386 curam,
1801 2327 1947 2375 veluti

479 2441 677 2487 praeceps
702 2426 752 2472 in
778 2424 1009 2471 Caesarum
1041 2439 1093 2469 ac
1124 2423 1410 2484 potissimum
1445 2423 1616 2470 Tiberii
1651 2425 1948 2471 obtrectatio-

482 2538 585 2569 nem
612 2522 837 2583 agebatur
856 2534 870 2578 ;
910 2534 1045 2581 porro
1082 2518 1206 2565 hunc
1230 2519 1452 2579 impetum
1488 2519 1598 2566 licet
1624 2519 1682 2565 ad
1716 2520 1948 2581 aequitatis

482 2634 687 2666 normam
716 2618 922 2679 redigere
947 2616 1008 2663 sit
1040 2620 1248 2673 conatUS‚
1289 2630 1377 2661 non
1415 2615 1525 2661 satis
1556 2616 1820 2676 repressisse
1849 2615 1947 2676 jam

482 2716 888 2764 demonstrabitur.

540 2883 546 2901 ¹
572 2881 668 2920 nist.
691 2882 716 2919 Ι.
747 2896 775 2919 ι.
1311 2879 1324 2899 ³
1348 2881 1444 2917 Anu.
1468 2879 1529 2927 lv,
1552 2880 1613 2917 33.

536 2951 549 2969 ²
570 2948 684 2989 Plinii
699 2948 732 3001 j.
752 2949 821 3001 Ep.
846 2948 945 2997 Vlll,
967 2947 1003 2998 ἱ.
