2118 3308
538 305 599 351 66
1136 321 1194 353 nn
1226 320 1385 354 ‘moire

532 399 675 459 jicere
707 400 804 461 qui,
843 401 1094 448 divenditis
1123 407 1193 448 tot
1227 402 1546 449 damnatorum
1577 404 1723 461 bonis,
1759 402 1990 463 signatum

538 501 780 556 argentum
813 495 917 542 fisco
944 496 1184 543 attineret‘
1220 513 1229 543 ε
1261 513 1411 544 nonne
1448 497 1705 545 addendum
1733 503 1833 544 erat
1869 497 1991 544 dam-

536 597 747 638 natorum
780 591 1018 654 plerosque
1041 592 1211 640 foenore
1235 599 1317 639 aut
1341 593 1682 655 provinciarum
1709 593 1990 655 expilat-ione

533 702 639 734 suas
670 703 775 749 opes
810 687 1095 746 conflavisse,
1133 703 1233 750 quae
1264 687 1368 748 jure
1402 689 1561 735 invisae
1595 690 1772 736 cunctis
1804 689 1991 735 essent?

532 786 671 831 Porro
695 788 899 830 extortas
924 782 1019 830 illis
1044 783 1234 830 divitias
1266 784 1482 846 Princeps
1516 785 1682 847 populo
1716 799 1822 830 mox
1858 784 1990 830 resti-

531 881 710 938 tuebat,
733 879 862 940 justa
887 896 1146 927 mensarum
1181 895 1367 927 suarum
1403 881 1680 928 liberalitate
1716 880 1989 942 sapientiam

531 976 647 1037 legis
671 991 764 1023 suae
791 974 1066 1037 adjuvans2.

594 1162 777 1210 Partem
803 1179 910 1209 vero
946 1141 1361 1209 administrationis
1395 1163 1453 1208 ad
1478 1163 1738 1224 provincias
1761 1162 1990 1224 pertinen-

531 1263 623 1303 tem
649 1258 834 1305 Tacitus
859 1260 1086 1321 praecipue
1111 1259 1320 1320 negligit,
1353 1259 1428 1305 cui
1452 1251 1606 1305 tamen
1631 1258 1838 1305 Tiberius
1872 1273 1988 1303 sum-

532 1369 652 1400 mam
678 1355 1034 1402 sollicitudinem
1059 1354 1300 1416 impendit,
1338 1354 1600 1400 Maecenatis
1632 1359 1857 1416 praecepta
1888 1369 1988 1399 ser-

532 1465 646 1495 vans
670 1450 751 1511 qui
773 1451 1079 1512 provinciales
1110 1466 1200 1496 non
1231 1449 1346 1509 jam,
1384 1455 1607 1511 tanquam
1632 1450 1724 1496 vile
1754 1465 1987 1496 servorum

529 1561 684 1607 pecus,
722 1547 899 1605 vexari,
929 1548 1023 1605 sed,
1046 1553 1101 1593 ut
1137 1547 1278 1593 socios
1299 1562 1350 1592 ac
1369 1546 1506 1603 cives,
1542 1561 1669 1607 aequo
1689 1545 1794 1606 jure
1821 1544 1987 1606 agitari

530 1641 742 1687 voluerat
761 1641 780 1672 ⁵
810 1657 820 1688 ι
849 1642 1018 1688 idcirco
1048 1642 1267 1704 pleraque
1298 1641 1471 1688 Tiberii
1515 1641 1573 1687 ad
1609 1639 1868 1702 provincias
1909 1644 1990 1686 aut

530 1737 770 1799 regendas,
797 1742 878 1783 aut
903 1737 1139 1795 tutandas,
1165 1742 1247 1782 aut
1269 1736 1571 1794 ulciscendas,
1594 1735 1780 1782 minime
1806 1735 1990 1781 videtur

533 1834 817 1881 intellexisse
852 1850 861 1880 :
896 1834 1051 1896 ecquis
1085 1834 1224 1892 enim,
1262 1849 1362 1895 quae
1398 1848 1560 1895 parum
1592 1832 1852 1894 placebant,
1879 1830 1990 1877 satis

532 1947 739 1993 unquam
762 1931 1026 1978 intellexit?
1043 1931 1135 1977 Vix
1161 1935 1289 1976 ratus
1312 1930 1535 1976 sociorum
1560 1943 1713 1990 preces
1738 1926 1939 1989 potuisse
1963 1941 1990 1972 a

533 2029 746 2090 Principe
784 2029 1003 2087 Romano,
1042 2029 1216 2095 sincero
1249 2044 1350 2075 cum
1376 2027 1544 2085 studio,
1586 2025 1750 2072 acriter
1775 2021 1985 2084 disquiri,

530 2140 631 2172 eum
667 2125 784 2171 talia
815 2126 971 2187 plures
1004 2140 1084 2194 per
1120 2125 1217 2171 dies
1247 2128 1541 2179 tractantem,
1580 2118 1886 2167 simulationis
1915 2133 1987 2164 ar-

529 2220 657 2282 guit⁴
691 2236 702 2266 :
730 2221 872 2267 falsas
898 2220 996 2281 ejus
1030 2221 1191 2267 irridet
1216 2217 1562 2281 profectiones-5,
1602 2232 1719 2279 quae,
1748 2221 1802 2261 ut
1827 2215 1883 2260 ab
1912 2214 1989 2260 im-

530 2317 678 2379 perita
703 2323 750 2364 et
772 2317 936 2378 iniqua
963 2317 1096 2378 plebe
1122 2315 1396 2377 Callippidis
1422 2313 1798 2361 cursitationibus
1817 2299 1988 2372 {equari

529 2414 788 2476 poterantss,
819 2415 886 2461 ita
917 2413 1137 2460 callidum
1171 2412 1439 2472 historicum
1473 2411 1632 2458 fallere
1662 2425 1771 2457 num
1812 2407 1990 2454 debuis-

529 2511 660 2556 sent?
691 2509 805 2565 Quis
841 2524 1002 2570 nempe
1029 2523 1117 2554 non
1146 2507 1302 2553 statim
1329 2506 1544 2568 perspicit
1580 2505 1830 2561 Tiberium,
1868 2503 1989 2549 circa

529 2607 717 2653 Romam
739 2610 810 2652 tot
827 2603 1042 2667 periculis
1061 2602 1347 2661 adstrictum,
1371 2601 1526 2662 procul
1547 2605 1718 2657 tamen,
1749 2597 1989 2645 intentatis

583 2787 591 2806 ⁸
615 2787 711 2825 Ann.
731 2784 797 2833 VI,
822 2796 881 2836 17.
1354 2779 1368 2800 ⁴
1389 2780 1486 2820 Ann.
1508 2778 1572 2827 Ν,
1593 2777 1654 2818 55.

585 2856 598 2876 ²
619 2856 693 2894 Dio
716 2855 824 2895 Cass.
850 2853 988 2900 LVIII,
1009 2866 1048 2904 p.
1075 2850 1166 2902 634,
1191 2850 1231 2889 E.
1353 2850 1366 2869 ⁵
1387 2848 1450 2897 IV,
1479 2846 1516 2899 4.

585 2926 598 2945 ³
620 2926 696 2974 LII,
717 2938 802 2976 cap.
830 2937 887 2975 ¹9·
1352 2919 1365 2938 ⁶
1385 2918 1491 2957 Suet.
1518 2916 1600 2957 Tib.
1621 2916 1830 2956 XXXVIII.
