2118 3308
480 316 538 359 82
1090 332 1148 365 nn
1181 332 1341 366 'morso

542 413 627 458 Sed
655 413 850 460 alterum
876 414 1071 461 subinde
1097 421 1164 461 est
1195 422 1424 475 exortum,
1454 432 1507 463 ac
1544 417 1708 477 majus,
1745 417 1945 464 factione

479 510 651 572 sejani,
691 525 792 571 quae
810 510 978 558 mirum
998 511 1047 558 in
1070 511 1252 558 modum
1281 518 1418 560 aucta
1442 519 1558 573 erat,
1586 514 1944 562 dominationem

475 610 726 657 invadente
760 625 770 656 z
799 614 912 655 tunc
936 608 1201 656 infidelibus
1227 610 1386 657 amicis
1411 626 1557 673 nuper
1584 617 1775 659 vexatos
1794 612 1947 659 hostes

475 721 701 768 opponere
727 710 919 752 conatus
943 710 1012 752 est
1037 705 1227 766 Imperii
1253 705 1382 752 illius
1408 706 1672 755 dissidentis
1712 707 1941 766 dominus,

474 809 520 850 et
563 820 590 849 a
631 802 876 850 Nobilibus
901 801 1264 849 crudelissimam
1289 802 1420 849 illam
1447 802 1799 864 Sejanianorum
1825 810 1945 852 stra-

474 916 574 962 gem
601 900 675 947 edi
700 900 931 962 permittit
951 899 984 947 ¹.

539 1096 613 1143 Sic
637 1096 843 1158 quinque
867 1095 1052 1143 circiter
1085 1095 1198 1143 anni
1222 1110 1304 1158 per
1340 1100 1526 1142 mutuas
1551 1095 1694 1143 caedes
1719 1098 1944 1145 transacti

474 1198 599 1238 sunt.
629 1193 693 1239 At
719 1208 809 1239 non
830 1193 999 1240 idcirco
1025 1193 1232 1240 resedere
1256 1192 1416 1239 civilia
1441 1192 1563 1251 odia,
1588 1193 1683 1251 sed,
1713 1195 1945 1242 continuis

471 1289 667 1335 duarum
703 1290 1040 1351 praecipuarum
1075 1288 1329 1335 factionum
1363 1288 1676 1336 indesinenter
1709 1290 1943 1336 reluctan-

474 1385 591 1430 tium
618 1385 835 1444 motibus,
874 1385 1042 1432 civitas
1078 1400 1223 1447 usque
1259 1385 1317 1432 ad
1354 1384 1490 1432 finem
1515 1385 1687 1433 Tiberii
1707 1386 1946 1447 exagitata

474 1482 736 1529 fluctuavit.
766 1483 854 1530 Tot
888 1482 1197 1542 simultatum,
1240 1487 1310 1529 tot
1341 1482 1573 1548 ultionum
1608 1482 1795 1529 aestibus
1836 1482 1945 1529 reci-

472 1579 620 1641 procis
647 1579 902 1638 volutatus‚
929 1579 1163 1626 interdum
1188 1594 1305 1641 pene
1338 1579 1616 1636 submersus,
1648 1577 1852 1625 laborem
1879 1593 1946 1625 as-

472 1677 723 1737 perrimum
759 1675 954 1737 pertulit
995 1675 1233 1736 Princeps,
1273 1674 1384 1721 dum
1428 1689 1476 1721 se
1509 1673 1764 1732 sustinere,
1820 1688 1945 1720 nunc

473 1773 575 1832 hac,
606 1789 730 1820 nunc
759 1772 871 1819 illac
905 1772 1156 1831 inclinans,
1192 1771 1376 1818 nititur.
1412 1772 1512 1818 Hoc
1549 1775 1702 1818 autem
1743 1770 1941 1832 insigne,

473 1870 595 1932 quod
628 1875 855 1931 postremo
890 1867 1153 1916 Germanici
1186 1872 1232 1914 et
1257 1866 1525 1929 Agrippinae
1547 1866 1659 1926 filio,
1688 1866 1800 1914 Ca'1'o
1827 1866 1948 1914 Cali-

473 1967 609 2027 gulae,
650 1965 923 2012 conciliatus
948 1969 1032 2023 est,
1063 1963 1197 2025 eique
1227 1963 1556 2010 successionem
1581 1962 1763 2024 imperii
1798 1962 1942 2020 dedit,

473 2061 736 2124 posthabito
772 2066 937 2123 nepote
976 2075 1076 2119 suo,
1125 2074 1261 2121 quem
1302 2059 1482 2106 Drusus
1515 2057 1788 2122 genuerat2.
1834 2059 1946 2105 Tam

472 2160 613 2206 firmis
643 2159 818 2206 scilicet
843 2157 1144 2214 munimentis
1189 2155 1433 2203 insistebat
1471 2155 1733 2203 Germanici
1766 2156 1943 2215 domus,

471 2264 540 2316 ut,
579 2263 648 2304 tot
673 2257 874 2304 caedibus
898 2255 1144 2312 exhausta,
1173 2258 1244 2300 tot
1268 2252 1525 2299 deformata
1547 2252 1745 2311 casibus,
1775 2252 1946 2300 victrix
1968 2307 1971 2309 ‚

471 2361 644 2414 tamen,
674 2354 904 2416 trepidam
930 2351 1167 2400 vexatoris
1196 2349 1269 2397 sui
1291 2354 1523 2397 senectam
1547 2349 1842 2397 tueretur!...

536 2553 693 2599 PrIma
717 2551 861 2613 igitur
890 2556 960 2598 tot
996 2551 1223 2597 malorum
1260 2548 1450 2595 victima
1485 2545 1684 2607 Augusti
1718 2561 1947 2593 successor

474 2649 671 2707 exstitit,
708 2654 763 2695 ut
798 2663 935 2710 quem
970 2645 1181 2693 acerrimi
1215 2650 1263 2691 ct
1291 2642 1532 2706 irrequieti
1556 2647 1703 2688 metus
1726 2657 1807 2703 per
1830 2658 1946 2704 qua-

473 2746 729 2793 tuordecim
757 2760 902 2792 annos
927 2743 1161 2790 torserint.
1193 2741 1283 2798 Qui
1310 2745 1474 2795 metus,
1500 2738 1537 2786 si
1564 2737 1816 2785 Annalibus
1849 2754 1945 2785 cre-

530 2953 540 2972 ¹
563 2954 660 2991 Ληη.
682 2949 729 2999 V,
748 2949 788 3000 6,
805 2962 849 3002 93
872 2949 936 2997 Vl,
959 2948 1078 3000 [4-10.
1289 2947 1302 2966 ’·’
1324 2948 1420 2986 Anu.
1443 2946 1507 2995 vl,
1528 2945 1592 2996 46.
