2118 3308
521 228 581 281 48
1120 238 1178 271 ni«)
1213 239 1373 272 ἰἈοιτο

500 349 506 365 2
522 319 762 366 historici?
785 320 979 365 Possunt
993 319 1167 366 scilicet
1187 319 1433 381 probandae
1447 335 1518 367 res
1533 328 1614 367 aut
1630 320 1839 380 maligna
1850 319 1987 368 laude

523 415 603 461 vix
628 414 931 471 remunerari,
963 420 1059 462 aut.
1077 413 1253 476 perfida,
1274 414 1469 460 subinde
1494 414 1874 476 interpretatione
1910 414 1988 461 de-

519 510 662 567 trahi,
686 516 768 556 aut
790 509 995 571 pejorum
1018 509 1257 556 vicinitate
1278 509 1412 570 quasi
1435 512 1742 557 contaminari
1761 526 1770 556 :
1800 517 1989 572 possunt

519 612 565 654 et
596 606 806 668 quaedam
828 605 1119 667 praetermitti
1145 605 1366 652 leviterve
1397 607 1676 668 praestringi,
1707 607 1877 668 quibus
1909 621 1988 667 pe-

522 703 647 748 nitus
679 701 875 762 cognitis
907 707 954 749 et
983 701 1032 748 in
1071 702 1220 748 lucem
1256 701 1455 762 ingenue
1486 702 1694 763 prolatis,
1736 702 1885 749 multa
1911 707 1992 748 aut

520 803 739 844 excusata
787 803 870 844 aut
915 799 1206 845 clementius>
1229 799 1452 845 damnata
1498 799 1650 846 forent
1687 815 1697 845 z
1742 806 1791 846 at
1836 815 1994 846 rursus

520 908 820 954 quaecumque
862 898 1191 954 contemptum,
1234 879 1413 951 odium,
1461 894 1739 956 suspiciones
1795 895 1992 942 conflare

524 990 698 1046 valent,
743 994 951 1050 possunt,
982 995 1064 1035 aut
1090 1005 1179 1035 non
1208 989 1448 1047 affirmata,
1472 989 1723 1051 legentium
1743 992 1791 1038 in
1817 999 1992 1039 mentes

524 1092 680 1132 tamen
718 1083 867 1145 injici,
907 1090 1259 1143 autenarrata,
1290 1086 1441 1131 multa
1479 1087 1666 1134 accendi
1699 1087 1992 1135 vehementia

519 1183 742 1244 largoque
774 1181 948 1243 ingenii
974 1181 1214 1243 splendore
1240 1182 1486 1229 illustrari.

583 1289 673 1335 Eas
698 1294 851 1334 autem
879 1293 1000 1334 artes
1024 1289 1089 1334 sic
1108 1304 1135 1334 a
1153 1288 1311 1335 Tacito
1329 1288 1470 1334 fuisse
1497 1288 1744 1348 adhibitas,
1773 1295 1827 1336 ut
1844 1290 1989 1350 ipsius

520 1385 707 1432 solertia
732 1386 877 1432 multo
902 1386 1049 1446 magis
1073 1400 1214 1446 quam
1239 1385 1432 1446 aequitas
1457 1400 1538 1446 per
1562 1391 1706 1433 totam
1727 1386 1858 1432 illam
1881 1402 1988 1432 nar-

519 1481 745 1528 rationem
772 1482 962 1540 eniteat,
992 1497 1142 1542 pauca
1176 1480 1276 1541 jam
1302 1481 1517 1543 exempla
1541 1482 1862 1529 declarabunt.

566 1677 710 1739 ,Saepe
728 1694 798 1725 res
823 1678 1068 1725 manifesto
1093 1678 1326 1737 fortuitas,
1355 1679 1444 1740 ipsi
1465 1681 1621 1740 agenti
1649 1680 1875 1742 inopinas,
1907 1687 1988 1728 aut

518 1781 641 1823 certe
665 1776 888 1822 levissimi
914 1776 1148 1833 momenti,
1179 1776 1384 1823 subdolis
1408 1782 1455 1823 et
1478 1777 1659 1824 arcanis
1683 1768 1853 1825 Tiberii
1879 1795 1986 1826 con-

517 1873 634 1919 siliis
660 1873 859 1921 Annales
890 1873 1151 1920 adscribere
1183 1872 1346 1918 solent.
1373 1872 1517 1918 Abest
1540 1873 1758 1935 Princeps
1799 1876 1987 1935 sangni-

519 1971 616 2016 ueis
639 1970 762 2016 ludis
789 1985 815 2015 a
838 1970 987 2016 Druso
1013 1968 1107 2015 filio
1126 1968 1263 2015 editis
1276 1983 1288 2026 3
1318 1984 1412 2030 qua
1439 1969 1648 2016 absentia
1672 1971 1786 2031 quid
1810 1972 1987 2032 simpli—

506 2066 631 2125 cius,
675 2067 787 2128 quid
815 2067 1055 2128 vulgarius
1072 2067 1094 2111 ‘3
1130 2067 1192 2113 At
1228 2072 1380 2113 noster
1409 2081 1419 2112 ε
1448 2084 1469 2111 (ι
1499 2067 1611 2114 Nou·
1634 2067 1903 2114 crediderim
1931 2068 1987 2115 ad

521 2181 543 2209 (ς
572 2164 896 2211 ostentandam
917 2162 1140 2209 saevitiam
1163 2162 1501 2223 movendasque
1518 2163 1676 2224 populi
1700 2163 1984 2233 offensiones,

512 2278 542 2311 ,α
571 2273 830 2306 concessam
853 2258 948 2304 filio
974 2258 1241 2316 materiem3
1275 2274 1530 2321 quanquam
1565 2258 1614 2306 id
1633 2255 1803 2322 quoque
1821 2259 1986 2307 debeam

521 2375 542 2401 α
570 2365 634 2404 est
652 2356 682 2403 ¹.
717 2375 738 2399 »
768 2356 841 2402 Sic
865 2355 987 2416 quod
1011 2371 1037 2400 a
1063 2371 1109 2401 se
1135 2355 1257 2401 credi
1299 2360 1453 2414 negat,
1487 2355 1574 2402 tibi
1600 2361 1754 2402 tamen
1781 2355 1982 2415 subjicit.

519 2454 661 2500 Abest
686 2453 926 2499 funeribus
953 2450 1213 2497 Germanici
1247 2456 1423 2502 maten
1464 2465 1601 2510 quam
1637 2450 1751 2496 anili
1789 2450 1915 2497 luctu
1942 2458 1987 2497 et

521 2551 785 2598 valetudine
810 2549 1106 2612 praepeditam
1133 2549 1314 2594 credere
1339 2548 1447 2593 licet
1473 2548 1520 2594 in
1551 2555 1762 2609 promptu
1793 2549 1868 2601 sit,
1907 2550 1986 2595 Ta·

517 2649 650 2699 citus,
681 2646 912 2707 exquisita
936 2646 1188 2703 sagacitate
1223 2650 1373 2697 utens,
1414 2644 1661 2689 cohibitam
1690 2644 1923 2689 (unitendit
1960 2661 1983 2689 a

569 2832 580 2854 ¹
606 2832 678 2871 Dio
701 2830 874 2878 Cassius,
899 2830 924 2877 1,
947 2830 1009 2881 76.
