2118 3308
510 293 569 335 550
1110 304 1165 335 nn
1199 301 1358 335 'ix-xerro

511 386 706 447 quisset¹
738 404 778 439 »,
822 392 1005 446 repente
1036 386 1238 431 onmium
1278 385 1468 437 animos,
1507 382 1648 430 veluti
1687 385 1816 442 signo
1846 380 1971 438 dato,

510 495 751 527 conversos
774 481 917 526 sensit
947 496 955 525 :
989 481 1143 526 nullus
1175 480 1274 540 jam
1300 495 1403 526 eum
1430 480 1627 526 invisere
1646 496 1659 538 3
1705 480 1796 525 imo
1822 492 1977 524 omnes

511 575 736 633 devitare,
766 575 985 636 repellere
1004 574 1039 621 ².
1070 575 1223 630 Quum
1244 576 1339 636 ipse
1364 576 1629 636 privignum
1655 591 1787 622 suum
1814 574 1976 622 Caium

512 674 753 730 Caesarem,
787 670 1006 731 juvenem
1044 671 1226 717 Orienti
1261 671 1552 732 praepositum
1575 676 1621 717 et
1646 670 1770 718 Sami
1796 684 1978 715 moran-

511 771 621 824 tem,
658 767 784 812 adire
829 783 881 813 ac
916 767 1125 813 venerari
1158 767 1362 827 occoepit,
1414 767 1596 812 sinistre
1637 770 1854 827 exceptus
1894 769 1978 822 est,

513 868 735 923 tanquam
773 879 982 924 supremo
1021 864 1218 910 Domino
1258 869 1507 924 suspectus.
1553 862 1719 924 Ecquis
1756 861 1984 923 trepidam

514 964 700 1005 enarret
733 959 897 1017 vitam,
939 973 1076 1019 quam
1118 974 1198 1019 per
1234 958 1489 1009 biennium,
1533 958 1678 1004 veluti
1718 958 1981 1013 damnatuS,

515 1052 695 1111 habuit,
740 1053 849 1098 dum
886 1053 1119 1099 custodem
1157 1054 1407 1114 quemlibet
1448 1054 1582 1100 factis
1625 1053 1850 1114 dictisque
1894 1052 1988 1098 suis

515 1149 691 1195 frustra
716 1149 1003 1210 efflagitaret,
1043 1150 1212 1196 dumve
1238 1155 1416 1196 statuas
1441 1165 1563 1208 suas,
1596 1155 1820 1211 tanquam
1834 1146 1989 1194 ‘hostis

512 1246 704 1306 publici,
740 1262 766 1291 a
790 1246 1182 1294 Nemausensibus
1215 1263 1397 1293 eversas
1424 1246 1621 1305 audiret,
1668 1252 1750 1292 aut
1786 1261 1832 1302 se
1864 1244 1987 1290 ludi-

513 1341 612 1388 brio
634 1347 680 1388 et
710 1343 1017 1389 exsecrationi
1044 1343 1166 1404 apud
1187 1341 1384 1403 juvenes
1408 1342 1609 1406 Caesares
1642 1357 1753 1400 esse,
1797 1341 1909 1387 adeo
1934 1346 1987 1386 ut

514 1437 627 1484 Caio
652 1437 900 1485 familiaris
924 1439 1131 1500 quidam,
1168 1454 1248 1500 per
1281 1439 1563 1497 convivium,
1602 1437 1896 1499 polliceretur
1920 1452 1982 1493 se,

513 1535 757 1582 dummodo
770 1535 971 1595 juberet,
1005 1554 1026 1580 «
1057 1541 1197 1597 caput
1210 1535 1384 1582 exsulis
1413 1553 1433 1578 >³
1458 1534 1652 1595 jamjam
1671 1533 1988 1581 relaturum?

516 1632 652 1690 Exin,
699 1632 816 1678 nihil
860 1633 948 1679 nisi
998 1632 1245 1678 novissima
1289 1637 1577 1693 exspectans,
1623 1646 1674 1677 ac
1714 1635 1886 1677 terrore
1930 1629 1987 1676 ad

513 1742 742 1773 summum
768 1727 1004 1788 perducto,
1033 1742 1188 1788 preces
1212 1742 1294 1788 pro
1319 1726 1490 1783 reditu,
1524 1725 1788 1773 connitente
1820 1731 1982 1783 matre,

513 1823 719 1881 iteravit,
751 1838 803 1869 ac
827 1823 1016 1870 tandem
1043 1823 1327 1884 impetravit.

582 1931 686 1989 Sed,
733 1930 955 1978 diuturno
998 1932 1054 1976 ab
1097 1930 1179 1976 illo
1227 1929 1451 1991 supplicio
1502 1930 1689 1976 Romam
1735 1941 1983 1990 regressus,

514 2040 656 2086 quum
675 2023 775 2083 jam
803 2040 975 2071 annum
1002 2025 1404 2086 quadragesimum
1422 2030 1469 2071 et
1489 2025 1737 2071 secundum
1763 2023 1987 2085 explevis-

514 2126 599 2178 set,
634 2120 845 2167 habitum
888 2120 1031 2166 animi
1070 2120 1257 2166 funesta
1294 2118 1341 2164 in
1382 2119 1468 2165 illa
1507 2119 1662 2166 insula
1702 2124 1987 2166 contractum

518 2232 607 2263 non
628 2215 727 2275 jam
766 2231 934 2263 exuere
959 2221 1141 2277 poterat
1170 2231 1179 2261 :
1208 2215 1380 2261 mansit
1416 2214 1560 2275 igitur
1597 2215 1834 2262 hominum
1878 2214 1991 2283 diffi7

514 2313 626 2360 dens
669 2319 715 2360 et
749 2328 964 2374 spernax,
1012 2312 1146 2358 vultu
1191 2326 1244 2356 ac
1274 2325 1480 2378 sermone
1514 2310 1723 2356 intentus
1761 2310 1897 2357 simul
1942 2316 1991 2356 et

517 2409 750 2467 obscurus,
779 2414 827 2454 at
845 2407 1096 2469 praesertim
1120 2407 1303 2465 aninS,
1332 2404 1556 2467 trepidus,
1586 2411 1640 2451 ut
1658 2405 1737 2467 qui
1759 2421 1804 2452 se
1833 2406 1986 2464 irrisu,

516 2505 820 2563 contumeliiS,
862 2505 978 2551 odiis
1003 2504 1372 2551 circumventum
1410 2501 1725 2549 indesinenter
1754 2510 1801 2549 et
1839 2505 1988 2548 obses-

522 2618 618 2650 sum
639 2600 960 2648 intellexisset.

573 2813 580 2833 ¹
605 2814 712 2854 Suet.
734 2812 798 2853 x1.
1344 2810 1357 2829 ···
1380 2810 1486 2848 Suet.
1503 2788 1611 2848 xm.

574 2884 587 2903 ²
610 2884 715 2923 suet.
736 2881 819 2932 xn,
838 2881 995 2921 xxxii.
