2118 3308
515 349 569 403 82'.
1124 364 1183 395 DE
1217 362 1378 396 'rACrro

512 444 710 504 abrupta
733 458 786 490 ac
811 443 963 501 devia,
1002 442 1120 489 clam
1151 442 1438 505 erepsisset¹.
1481 445 1575 492 Nec
1611 460 1717 492 vero
1750 444 1976 492 immerito

514 539 773 586 faventium
812 538 1074 586 Germanici
1107 539 1264 586 liberis
1293 539 1448 586 studia
1482 539 1779 599 formidabat,
1816 556 1975 602 quum,

513 634 662 682 missis
686 635 735 682 in
771 651 846 683 eos
870 635 1129 682 minacibus
1151 635 1335 695 litteris,
1372 635 1561 683 Curiam
1588 637 1747 684 statim
1782 636 1978 684 circum-

511 731 750 779 fremuerit
775 732 936 780 seditio
958 738 1004 780 et
1037 747 1161 780 nova
1185 733 1377 780 Patrum
1398 733 1608 781 consulta
1630 734 1841 796 protinus
1875 750 1978 782 eru-

509 828 663 890 perint
675 827 713 879 2.

577 1038 663 1084 Sed
703 1039 761 1085 ad
798 1054 1027 1086 summum
1051 1052 1168 1101 pene
1197 1041 1344 1087 crevit
1384 1040 1606 1087 continua
1634 1039 1719 1087 illa
1749 1040 1974 1097 anxietas,

511 1150 653 1195 quum
687 1136 884 1182 Tuscum
915 1135 1050 1182 illum
1078 1136 1297 1197 equitem,
1322 1137 1628 1183 necessarium
1652 1135 1740 1182 sibi
1761 1136 1980 1182 adversus

513 1232 756 1279 acerrimos
808 1231 959 1279 hostes
1010 1232 1365 1292 auxiliatorem,
1395 1249 1530 1295 quem
1576 1233 1745 1292 fidum,
1783 1233 1979 1295 propriae

511 1329 674 1375 saltem
699 1328 922 1375 utilitatis
954 1334 1180 1390 respectu,
1219 1335 1501 1391 speraverat,
1541 1346 1612 1377 res
1649 1345 1794 1377 novas
1816 1330 1978 1391 ‘moliri

509 1426 740 1486 cognovit.
778 1426 869 1474 Hic
889 1442 981 1473 non
1001 1426 1113 1473 satis
1138 1427 1399 1475 desiderare
1416 1443 1548 1490 queo,
1581 1428 1638 1474 ad
1666 1428 1980 1475 demonstran-

508 1524 615 1570 dam
641 1523 884 1571 veritatem
916 1540 1009 1587 qua
1035 1524 1205 1572 nititur
1227 1525 1313 1572 hoc
1347 1530 1554 1572 nostrum
1575 1526 1864 1587 opusculum,
1899 1527 1977 1573 de-

506 1637 602 1668 esse
634 1621 882 1668 Annalibus
904 1626 1084 1683 partem
1107 1621 1254 1683 ipsam
1279 1621 1429 1681 illam,
1458 1621 1508 1668 in
1529 1637 1622 1683 qua
1645 1623 1848 1683 profecto
1886 1638 1977 1669 non

505 1718 641 1765 facile
668 1717 954 1765 dissimulari
983 1723 1182 1780 poterat,
1212 1734 1351 1781 quam
1376 1719 1425 1765 in
1458 1719 1635 1766 lubrico
1668 1734 1720 1765 ac
1749 1720 1977 1781 praecipiti

504 1815 649 1878 egerit
671 1815 899 1874 Tiberius,
927 1822 1066 1877 quam
1086 1815 1312 1877 precaria,
1337 1831 1478 1877 quam
1504 1820 1762 1877 opportuna
1796 1815 1979 1863 insidiis

502 1913 646 1959 fuerit
683 1928 738 1959 ea
773 1912 1125 1975 omnipotentia.

567 2010 779 2057 Pallidus
812 2011 1154 2072 opperiebatur,
1198 2010 1425 2057 altissima
1461 2010 1517 2057 de
1550 2010 1714 2057 insulae
1743 2025 1837 2058 suae
1863 2026 1977 2073 rupe
2011 2065 2018 2069 ς

504 2113 699 2169 pontum
733 2113 779 2155 et
804 2109 860 2154 ab
891 2108 1017 2156 Urbe
1045 2124 1208 2155 arsura
1243 2109 1376 2170 signa
1415 2114 1726 2170 prospectans,
1770 2109 1866 2155 Rex
1898 2108 1977 2154 ille

501 2204 802 2266 Caprearum,
836 2203 936 2264 jam
958 2205 1130 2266 aptatis
1151 2204 1210 2250 ad
1234 2203 1394 2265 fugam
1415 2204 1630 2262 navibus,
1659 2204 1698 2250 si
1723 2204 1876 2250 Romae
1895 2203 1975 2250 do-

498 2302 770 2348 minatorem
798 2320 819 2346 «
848 2301 1041 2348 verbosa
1066 2300 1151 2347 illa
1176 2306 1222 2347 et
1242 2300 1430 2361 grandis
1455 2300 1649 2362 epistola
1678 2317 1721 2359 »,
1743 2300 1976 2346 Macronis

500 2398 617 2445 dolis
630 2397 809 2458 adjuta,
828 2398 1094 2445 subvertere
1114 2413 1206 2444 non
1225 2396 1506 2444 eva111isset³
1526 2413 1536 2444 t
1554 2396 1969 2459 jusseratinsuper,

499 2496 536 2541 si
563 2510 693 2541 arma
712 2495 768 2541 ab
791 2493 956 2554 Sejano
978 2499 1290 2553 tentarentur,
1308 2498 1567 2540 extractum
1579 2494 1788 2541 custodia
1802 2494 1974 2542 Palatii

500 2591 547 2636 in
588 2606 678 2652 quo
726 2575 1030 2648 attinebatur,
1078 2590 1305 2647 Drusum,
1353 2595 1563 2652 nepotem
1599 2606 1730 2636 suum
1748 2627 1759 2647 ,
1805 2591 1973 2652 populo

499 2688 661 2735 ducem
700 2688 851 2735 offerri
876 2704 886 2735 ;
917 2688 1156 2748 ambiguos
1183 2688 1325 2750 igitur
1359 2694 1552 2735 eventus
1582 2687 1681 2748 ejus
1709 2689 1973 2735 certaminis

555 2892 563 2911 ¹
588 2892 696 2931 Suet.
716 2893 794 2933 Lx.
1334 2893 1347 2914 ³
1368 2894 1475 2933 Suet.
1516 2891 1601 2932 Tib.
1649 2892 1763 2933 va.
1817 2916 1847 2923 -
1892 2891 1966 2934 Dio

554 2961 566 2981 ²
587 2962 685 3001 Anu.
708 2962 753 3010 V,
774 2961 811 3013 4.
1280 2964 1389 3001 Cass.
1410 2962 1540 3002 Lwn.
