2118 3308
745 269 882 303 clRCA
916 270 1146 304 rmnmmu
1660 257 1686 300 3

194 353 286 401 imo
322 354 483 414 verba,
528 358 687 416 gestus
727 353 870 401 etiam
906 359 954 402 et
989 354 1195 402 incessus
1236 353 1457 402 laudibus
1494 354 1690 402 extolle-

194 452 370 500 bantur
399 467 409 499 :
439 437 562 515 quod
592 451 790 514 pedibus
825 451 932 511 iret,
978 451 1103 514 quod
1140 451 1315 499 civium
1357 451 1601 514 amplexus
1632 451 1691 498 ad

194 550 334 612 pedes
359 566 451 598 non
477 549 772 612 deprimeret,
811 551 935 614 quod
972 550 1131 598 oscula
1165 566 1257 598 non
1284 565 1429 598 manu
1457 549 1688 609 redderet,

195 649 274 697 sed
301 650 350 696 in
375 649 570 712 planum
595 649 819 708 devexus,
861 650 986 712 quod
1029 649 1154 697 cives
1189 665 1282 697 non
1317 665 1400 712 pro
1434 649 1582 696 servis
1606 649 1692 696 ha-

195 751 340 808 beret,
371 748 450 796 sed
474 764 556 811 pro
582 748 868 808 hominibus,
911 748 1026 796 adeo
1052 748 1304 796 laetabatur
1338 764 1452 810 gens
1482 747 1694 795 libertati

199 847 390 895 minime
431 845 708 906 assuefacta,
746 851 802 893 ut
841 846 1118 894 mirantium
1159 846 1454 894 alacritatem
1497 862 1554 892 ne
1595 846 1693 908 ipse

198 944 385 1008 quidem
410 943 627 990 dominus
652 943 886 991 moderari
904 944 1086 992 valeret
1105 943 1137 991 ¹.
1169 945 1346 992 Rursus
1382 944 1432 991 in
1459 943 1695 991 Caesarum

197 1046 320 1100 acta,
346 1042 477 1089 nullo
504 1041 666 1088 habito
693 1041 979 1098 discrimine,
1016 1042 1067 1089 in
1092 1058 1260 1102 mores,
1298 1042 1349 1089 in
1382 1047 1564 1110 statuas
1589 1042 1696 1089 vin-

195 1141 369 1188 dictam
388 1141 668 1188 exercebant
685 1139 705 1170 2
716 1157 730 1201 3
757 1147 872 1188 tunc
891 1141 1141 1189 Suetonius
1161 1141 1411 1189 Duodecim
1434 1142 1543 1188 illas
1572 1140 1698 1189 Vitas

196 1240 516 1302 componebat,
559 1239 680 1286 nihil
715 1255 807 1287 non
834 1245 1052 1287 enarrato
1088 1255 1146 1287 ex
1171 1239 1230 1287 iis
1255 1247 1360 1302 quae'
1384 1239 1435 1286 in
1468 1239 1693 1296 Caesares,

195 1349 278 1397 per
301 1334 534 1382 invidiam
556 1340 640 1383 aut
663 1336 934 1397 ridiculum,
963 1338 1177 1384 solebant
1196 1336 1387 1397 jactari.

261 1433 646 1481 Assentationum
671 1434 860 1496 quidem
886 1435 1079 1482 illarum
1107 1435 1304 1483 libidine
1332 1436 1523 1484 Tacitus
1548 1435 1696 1482 haud-

201 1546 438 1593 quaquam
463 1531 812 1578 cont—aminatus
831 1547 878 1579 se
902 1532 1088 1580 reddita
1112 1533 1333 1582 libertate
1352 1534 1490 1596 longe
1513 1534 1697 1596 dignio-

200 1643 298 1676 rem
338 1628 588 1691 veriusque
632 1629 866 1676 fruentem
910 1630 1147 1691 praebuit3
1194 1631 1390 1679 laudum
1426 1648 1478 1679 eo
1515 1633 1699 1694 parcior

202 1741 294 1789 quo
319 1726 510 1773 effusius
537 1742 565 1773 a
601 1727 780 1774 caeteris
816 1728 1198 1787 cumulabantur,
1243 1729 1503 1776 beatissimi
1540 1730 1696 1777 saeculi

198 1829 353 1872 ortum
397 1824 792 1887 eloquentissimis
828 1825 1197 1874 ominationibus
1235 1828 1451 1890 prosequi
1466 1827 1503 1886 5,
1541 1828 1696 1889 prola—

201 1929 362 1986 tosque
388 1939 418 1970 a·
447 1922 652 1984 Trajano
679 1923 870 1999 Imperii
896 1924 1025 1984 fines,
1060 1925 1173 1972 data
1207 1940 1289 1987 per
1323 1925 1531 1972 Annales
1568 1941 1698 1972 occa-

200 2023 346 2082 sione,
375 2023 609 2085 gratulari
641 2028 888 2071 contentus
910 2029 980 2071 est
996 2023 1012 2054 4
1039 2040 1048 2071 ;
1082 2025 1161 2072 sed
1188 2025 1696 2090 communi-aequalium

202 2137 390 2168 suorum
425 2121 476 2167 in
508 2121 687 2183 priores
721 2121 964 2184 Principes
991 2123 1062 2169 ira
1093 2138 1186 2169 non
1222 2123 1409 2186 corripi,
1442 2139 1525 2170 nec
1559 2124 1698 2170 mali-

202 2219 378 2280 gnitati
395 2218 640 2279 indulgere
659 2219 736 2265 cui
756 2235 935 2282 semper
953 2219 1160 2282 aliquam
1175 2221 1315 2269 erecti
1336 2221 1483 2268 animi
1500 2221 1697 2283 speciem

159 2321 162 2324 ’
202 2318 350 2365 inesse
370 2318 474 2380 ipse
492 2318 617 2364 dixit
630 2317 667 2376 5,
685 2318 821 2379 longe
847 2318 1083 2366 difficilius
1108 2320 1314 2368 habebat
1328 2337 1342 2380 3
1369 2321 1542 2383 quippe
1567 2320 1700 2381 cujus

202 2416 252 2463 in
279 2417 467 2478 ingenio
484 2416 678 2478 vitaque
690 2416 896 2478 plurima
910 2417 1008 2464 fato
1026 2418 1227 2480 quodam
1246 2419 1501 2482 composita
1519 2419 1697 2466 dixeris

201 2520 260 2564 ut
283 2514 518 2561 Caesarum
545 2514 699 2561 hostes
727 2529 780 2560 ac
804 2514 1021 2561 victimas
1046 2515 1126 2577 pia
1152 2517 1470 2576 veneratione,
1495 2516 1699 2564 Caesares

204 2617 360 2659 autem
386 2610 511 2673 ipsos
536 2610 641 2658 odio
667 2615 853 2658 tantum
879 2617 928 2659 et
951 2617 1223 2675 contemptu
1256 2613 1422 2675 dignos
1442 2613 1694 2674 judicaret.

258 2800 267 2821 ¹
290 2801 498 2855 panegyr„
519 2800 583 2851 αἱ.
1041 2803 1054 2822 ⁴
1076 2804 1176 2843 Ann.
1198 2805 1243 2851 11,
1264 2805 1329 2844 61.

257 2871 270 2892 ²
294 2871 415 2923 Ibid.‚
438 2870 503 2923 34.
1041 2875 1052 2892 ⁵
1080 2874 1176 2914 llist.
1206 2891 1234 2915 1.

257 2945 271 2965 ⁵
294 2944 484 2996 Agricolae
505 2944 609 2993 Vita,
633 2945 668 2983 3.
