2118 3308
602 271 662 315 3«)
1110 312 1112 314 .
1212 285 1269 317 ua
1302 284 1463 318 norro

601 368 785 415 omnino
818 367 993 425 debuit,
1029 367 1065 414 si
1092 368 1278 429 quidem
1304 368 1478 414 claram
1504 372 1550 413 et
1574 367 1887 427 incorruptam
1915 379 2064 410 rerum

598 464 846 525 imaginem
881 463 1073 524 posteris
1098 463 1279 510 tradere
1303 463 1665 510 destinavisset?
1697 460 2064 523 Dignoscendum

598 561 719 607 enim
740 576 821 607 cur
840 559 1050 607 Tiberius
1067 561 1180 621 ipse,
1206 560 1573 607 dissimulatione
1590 560 1757 622 posita,
1786 558 2067 619 multiplices

597 662 745 702 metus
769 671 873 702 suos
910 656 1045 702 toties
1075 655 1346 717 prodiderit,
1376 656 1508 718 quasi
1538 674 1560 700 «
1594 656 1757 717 lupum
1784 653 2065 716 auribuszte-

597 768 710 798 nens
746 771 767 796 »
787 768 799 809 ;
847 769 948 799 eam
995 758 1151 799 tamen
1200 769 1357 799 curam
1406 753 1608 811 Tacitus,
1657 769 1739 800 nec
1783 753 2063 809 inconsulto,

595 848 764 906 omisit,
788 850 1133 910 neglectamque
1153 851 1210 896 ab
1236 849 1317 895 illo
1340 850 1467 896 haud
1493 850 1629 897 facile
1653 850 1756 912 quis
1784 850 2062 897 absolverit:

594 951 688 991 tam
715 946 889 1004 multae,
913 951 1010 992 tam
1036 947 1252 1005 confusae,
1276 952 1372 993 tam
1397 947 1707 1005 versicolores,
1731 953 1786 994 ut
1809 949 1876 994 ita
1895 948 2062 1005 dicam,

595 1041 818 1089 factiones
831 1042 958 1089 intra
976 1043 1128 1089 Romae
1142 1045 1310 1091 maenia
1328 1049 1442 1090 tunc
1460 1049 1704 1091 moventur
1725 1060 1778 1091 ac
1790 1044 2062 1091 miscentur!

597 1138 779 1186 Scilicet
807 1140 929 1201 apud
954 1141 1177 1202 populum
1211 1140 1327 1187 luxu
1351 1141 1529 1202 pridem
1555 1141 1852 1203 socordiaque
1878 1157 2066 1203 corrup-

593 1242 710 1296 tum,
758 1214 1030 1299 Principatu
1086 1239 1181 1300 (qui
1224 1239 1392 1285 veteris
1436 1239 1714 1300 Reipublicae
1757 1240 2067 1300 dignitatibus

595 1333 720 1380 haud
748 1335 973 1381 absimilis
994 1336 1268 1396 habebatur)
1299 1335 1504 1382 omnium
1531 1336 1772 1382 ambitioni
1798 1342 1909 1382 tunc
1927 1352 2067 1397 expo-

594 1431 698 1487 site,
742 1432 914 1492 egregii
953 1432 1151 1493 quilibet
1182 1432 1305 1478 cives
1343 1432 1536 1478 militari
1576 1432 1762 1478 civilive
1798 1432 1937 1490 fama,
1986 1438 2067 1479 aut

593 1528 755 1574 domus
786 1528 1082 1587 claritudine,
1121 1535 1203 1575 aut
1237 1530 1496 1590 praesertim«
1523 1529 1734 1590 pecunia,
1766 1530 1814 1575 in
1838 1536 1993 1591 partes
2019 1530 2066 1575 vi

593 1639 732 1686 prope
752 1625 1044 1671 ineluctabili
1069 1626 1373 1686 rapiebantur
1398 1640 1407 1670 :
1438 1640 1636 1686 quarum
1655 1626 1911 1686 praecipuas
1932 1625 2065 1671 modo

594 1721 886 1780 adumbrare,
927 1726 973 1768 et
1006 1737 1237 1783 quaenam,
1266 1721 1362 1767 illis
1387 1721 1678 1782 urgentibus,
1715 1721 1950 1768 Tiberium
1977 1722 2065 1767 cir-

593 1818 911 1864 cumsteterint
936 1818 1158 1880 pericula,
1190 1818 1422 1879 explicare
1446 1818 1710 1864 summatim
1736 1819 1950 1865 conabor.

658 1978 916 2026 Metuendae
954 1979 1002 2025 in
1035 1979 1196 2041 primis
1232 1985 1367 2026 erant
1402 1979 1615 2026 Patriciae
1650 1979 1742 2026 illae
1761 1987 1920 2041 gentes
1944 1996 2061 2042 quae,

593 2076 896 2124 sanctissimis
922 2077 1042 2123 inter
1077 2093 1123 2123 se
1150 2077 1367 2135 vinculis,
1406 2077 1733 2138 cognationum
1758 2078 1933 2124 scilicet
1957 2094 2064 2125 con-

596 2175 932 2236 nubiorumque
974 2174 1207 2231 societate,
1255 2189 1487 2220 sacrorum
1523 2174 1858 2234 communione,
1891 2191 2064 2222 morum

592 2279 636 2318 et
665 2272 962 2318 voluntatum
1001 2270 1307 2318 similitudine
1331 2285 1565 2328 connexae,
1590 2271 1720 2317 velut
1734 2271 1928 2318 densata
1950 2272 2067 2333 pha-

591 2372 744 2432 lange,
788 2370 990 2422 minaces
1014 2374 1335 2416 remanserant
1364 2384 1374 2415 :
1416 2368 1605 2430 vigebat
1631 2374 1783 2415 autem
1816 2369 1864 2415 in
1900 2369 2067 2416 animis

592 2467 752 2530 populi
778 2468 943 2514 ferocis
968 2483 1021 2514 ac
1052 2466 1258 2514 bellicosi
1296 2466 1516 2513 memoria
1540 2472 1611 2512 tot
1644 2467 1850 2528 gentium
1879 2469 1935 2514 ab
1961 2467 2066 2514 illo-

594 2580 696 2611 rum
715 2563 969 2624 majoribus
995 2565 1322 2622 subactarum3
1353 2563 1490 2610 simul
1514 2563 1725 2625 plurimis
1751 2564 1930 2611 civibus
1956 2565 2064 2611 illu-

592 2662 766 2709 debant
804 2662 955 2708 adhuc
993 2660 1217 2707 illecebrae
1257 2659 1487 2706 libertatis
1526 2659 1671 2717 illius,
1712 2659 1843 2720 cujus
1883 2659 2065 2710 nomine

591 2758 727 2820 pauci
763 2762 990 2819 potentes,
1021 2762 1188 2803 cuncta
1213 2760 1399 2816 agentes
1419 2761 1465 2801 et
1498 2754 1754 2811 miscenteS‚
1794 2756 1977 2801 turbam
2016 2756 2061 2801 in

592 2855 689 2901 foro
716 2856 838 2901 inter
860 2855 993 2901 ludos
1021 2870 1071 2900 ae
1099 2852 1344 2899 seditiones
1381 2851 1621 2908 otiantem,
1652 2857 1697 2897 et
1724 2850 1924 2911 legiones
1957 2867 2065 2897 con-
