2118 3308
692 222 830 255 cch
865 220 1094 255 TIBERIUM
1599 203 1648 251 ιε’»

154 305 427 370 templatus,
456 305 648 352 minime
687 305 891 367 profecto
929 305 985 351 de
1011 304 1202 366 pictoris
1236 303 1407 366 peritia
1439 303 1647 351 dubites:

155 412 252 453 tam
288 405 409 452 mira
437 403 695 465 sagacitate
732 398 893 451 sensus
925 402 1129 450 maxime
1172 401 1356 449 abditos
1391 407 1439 448 et
1480 418 1654 449 arcana

155 489 364 565 pessime*
378 500 604 564 cujusque
630 501 826 548 consilia
851 501 1079 564 indagare
1104 502 1222 557 solet
1236 517 1250 560 ;
1285 506 1383 548 tam
1403 501 1515 560 acri,
1546 501 1657 548 licet

155 617 257 649 eam
283 601 513 660 cohibeat,
544 601 637 647 imo
657 601 770 663 quia
791 601 992 660 cohibet,
1022 601 1322 648 vehementia
1346 601 1547 648 virtutes
1572 617 1654 648 ex—

154 701 284 747 tollit
310 716 364 747 ac
388 699 623 762 praecipue
650 700 771 746 vitia
804 700 1094 758 insectatur;
1133 704 1231 746 tam
1257 699 1419 745 vivido
1454 698 1655 762 denique

155 798 399 861 splendore
424 803 594 845 cuncta
620 798 883 845 collustrat.
930 797 1019 845 Sed
1047 797 1161 844 adeo
1187 802 1403 845 moestam
1430 814 1484 845 ac
1516 798 1655 860 lugu-

158 900 288 946 brem
313 898 634 944 narrationem
678 897 916 945 evolventi
939 897 1145 960 plurima
1170 903 1423 944 occurrunt
1448 913 1532 944 cur
1554 913 1655 944 eam

158 996 307 1058 magis
357 1011 461 1043 cum
510 995 895 1058 eloquentissima
943 995 993 1042 in
1043 995 1283 1043 Tiberium
1322 995 1658 1044 malevolentia

159 1111 300 1159 quam
319 1110 425 1142 cum
451 1100 619 1141 exacta
642 1110 797 1141 rerum
822 1094 911 1140 fide
938 1095 1239 1157 compositam
1260 1093 1458 1155 judices.

222 1193 432 1240 Primum
461 1196 617 1238 autem
644 1192 701 1239 de
725 1192 822 1239 illis
857 1208 1046 1254 agemus
1070 1209 1189 1255 quae,
1233 1198 1415 1240 naturae
1440 1193 1659 1240 humanae

157 1306 326 1354 parum
349 1289 698 1348 convenientia,
735 1305 897 1337 sensus
922 1290 1021 1352 ipse
1047 1290 1307 1337 communis
1328 1296 1558 1354 prompte,
1606 1298 1661 1338 ut

85 1415 89 1419 ·
158 1389 407 1436 manifesto
455 1393 764 1450 exaggerata,
816 1388 1130 1435 refutaverit:
1179 1389 1354 1437 Tiberii
1399 1391 1659 1453 nequitiam

158 1488 260 1535 dico
284 1488 691 1550 Romanorumque
712 1487 971 1549 ignaviam.

224 1685 463 1733 Tiberium
491 1700 656 1747 nempe
679 1700 773 1731 non
794 1686 964 1732 sensim
987 1701 1070 1747 per
1087 1684 1310 1733 libidines
1353 1685 1532 1734 aliasve
1557 1703 1664 1734 cau-

163 1797 254 1842 sas,
302 1798 329 1828 a
354 1781 516 1829 Tacito
545 1781 798 1843 neglectas,
847 1782 898 1828 in
924 1781 1058 1844 pejus
1100 1788 1337 1831 mutatum
1375 1784 1536 1844 fuisse,
1583 1786 1662 1833 sed

163 1881 324 1928 statim
352 1897 379 1927 a
405 1879 636 1943 principio
664 1885 987 1943 comparatum
1026 1881 1260 1929 exstitisse
1283 1883 1472 1945 qualem
1503 1900 1551 1932 se
1577 1885 1661 1931 sub

166 1980 276 2027 vitae
299 1978 439 2025 finem
463 1978 669 2024 ostendit
689 1994 703 2038 3
750 1995 835 2026 nec
861 1979 1017 2026 minus
1059 1980 1297 2042 perditum
1325 1963 1482 2028 animo
1518 1998 1663 2044 quum

164 2077 420 2140 Imperium
465 2082 702 2124 recusaret
745 2093 887 2139 quam
931 2094 1092 2140 quum,
1148 2078 1352 2141 Capraeis
1402 2082 1659 2138 tabescenS,

164 2175 339 2222 Urbem
366 2174 596 2236 sanguine
622 2174 875 2236 compleret
895 2190 908 2233 ;
957 2191 1064 2223 eum
1089 2176 1367 2224 modestiam
1392 2182 1440 2224 et
1465 2178 1663 2240 aequita-

161 2277 274 2331 tem,
319 2271 616 2319 clementiam
656 2272 748 2318 imo
789 2278 836 2319 et
876 2273 1229 2321 beneficentiam
1267 2275 1442 2337 perfida
1476 2282 1663 2323 tantum

164 2369 464 2417 simulatione
489 2370 717 2429 induisse,
748 2386 865 2432 quas
891 2370 1026 2432 ‚haud
1051 2371 1233 2419 invitus
1255 2379 1449 2420 exueret
1468 2390 1482 2434 3
1529 2377 1663 2423 saevi-

163 2468 279 2514 tiam
297 2468 556 2515 exercuisse
578 2483 671 2514 non
689 2473 880 2530 propter
898 2465 1170 2531 ingruentia
1188 2471 1401 2532 quaedam
1430 2472 1656 2534 pericula,

164 2566 243 2613 sed
258 2570 381 2612 certo
407 2565 587 2627 pridem
615 2565 845 2623 consili03
893 2566 1093 2628 denique
1136 2583 1218 2630 per
1260 2574 1355 2616 tres
1397 2574 1444 2616 et
1484 2571 1658 2633 viginti

166 2680 310 2710 annos
329 2664 572 2725 ingenium
599 2680 735 2711 suum
763 2681 853 2711 non
882 2666 1263 2727 pessumdedisse,
1311 2668 1388 2714 sed
1407 2670 1655 2730 revelasse,

166 2776 247 2807 nec
274 2761 322 2807 id
356 2761 544 2823 quidem
587 2767 642 2808 ut
683 2762 860 2809 factum
906 2764 978 2810 sui
1017 2764 1337 2826 impotentem,
1386 2767 1464 2813 sed
1506 2768 1659 2814 insitae

165 2860 383 2922 nequitiae
408 2877 676 2923 progressus
704 2863 828 2909 ultro
855 2864 1207 2926 propellentem,
1258 2856 1499 2928 nunquam
1526 2869 1652 2929 equi-
