2118 3308
456 295 515 357 78
1060 309 1117 341 nn
1150 307 1310 343 merso

454 405 588 451 quem
617 390 703 435 sibi
731 406 755 436 a
776 390 1054 436 factionibus
1080 390 1264 437 illatum
1292 389 1494 437 reddidit
1522 406 1532 437 ε
1561 390 1748 438 minime
1778 390 1913 438 inno-

455 486 547 543 cui,
575 485 764 531 minime
789 484 962 531 debiles
985 485 1172 532 fuerant
1207 485 1357 532 hostes
1395 485 1467 533 illi
1503 501 1696 547 quorum
1731 486 1915 548 quidem

454 596 585 627 casus
604 581 891 628 miseramur.

517 676 696 737 Reputa
730 676 929 737 primum
964 677 1123 738 quales
1147 682 1259 723 tunc
1283 676 1473 735 fuerint,
1498 682 1613 724 teste
1638 678 1711 724 vel
1737 678 1911 738 Tacito,

453 771 580 817 illius
612 771 817 817 civitatis
853 786 998 817 mores
1028 786 1038 816 ε
1068 777 1233 832 reputa
1263 771 1427 818 luxum
1462 772 1573 819 adeo
1608 773 1914 820 insanientem

452 874 506 914 ut
531 883 587 914 ne
612 868 826 915 satietate
846 868 1030 930 quidem
1049 870 1275 930 restingui
1296 874 1446 931 posset
1462 869 1472 899 ¹
1490 885 1503 927 ;
1527 870 1746 917 Senatum
1765 871 1913 932 ipsum

452 962 803 1010 foeneratoribus
846 963 1119 1022 refertum23
1160 965 1324 1011 -domos
1366 966 1606 1028 plerasque
1650 967 1912 1026 adulteriis,

454 1059 698 1117 veneficiis,
742 1060 937 1107 infectas
947 1076 960 1118 ;
1006 1061 1252 1120 connubia,
1293 1061 1456 1123 spretis
1490 1067 1560 1108 tot
1596 1063 1791 1123 legibus,
1834 1068 1916 1109 aut

453 1154 600 1213 nulla,
620 1159 702 1200 aut
718 1171 856 1216 quam
876 1156 1197 1202 brevissimum
1216 1156 1274 1203 ad
1294 1162 1474 1218 tempus
1490 1157 1750 1219 suscepta⁵;
1774 1157 1915 1218 juxta

452 1250 690 1296 lasciviam
716 1252 1158 1312 contumaciamque,
1189 1252 1441 1298 socordiam
1476 1259 1522 1299 et
1549 1254 1770 1300 turbandi
1799 1269 1926 1318 amo--

453 1361 547 1392 rem
561 1362 574 1404 ;
611 1346 793 1393 irrisam
829 1347 1007 1409 pridem
1035 1348 1248 1409 antiquos
1274 1349 1322 1393 in
1347 1349 1466 1395 Deos
1490 1349 1724 1410 pietatem,
1753 1351 1916 1396 irrum-

452 1443 669 1503 pentibus
694 1443 898 1504 undique
922 1445 1126 1490 externis
1151 1445 1438 1503 caerimoniis,
1475 1446 1667 1492 necdum
1701 1447 1813 1493 satis
1844 1447 1915 1493 di-

453 1539 646 1600 vulgata
669 1539 892 1600 religione
912 1554 1034 1585 nova
1058 1539 1142 1584 illa
1160 1554 1279 1601 quae,
1310 1541 1393 1586 sub
1419 1539 1552 1587 finem
1573 1541 1760 1599 Tiberii,
1792 1542 1914 1603 apud

451 1637 480 1683 J
483 1637 634 1683 udaeos
665 1637 746 1683 vix
772 1642 890 1694 orta,
917 1642 987 1682 tot
1011 1636 1146 1682 malis
1170 1637 1341 1684 mederi
1367 1637 1570 1684 nondum
1595 1643 1823 1700 potuerat.

516 1825 694 1887 Reputa
719 1827 970 1887 praesertim
989 1827 1253 1887 pestiferam
1268 1826 1531 1887 juventutis
1555 1827 1909 1886 institutionem,

451 1937 544 1982 qua
571 1921 917 1980 adolescentuli,
943 1938 1024 1983 per
1054 1921 1385 1970 Controversias
1409 1929 1489 1970 aut
1515 1923 1768 1985 Suasorz'as,
1798 1926 1914 1972 vitia
1954 1963 1957 1966 ⁴

452 2019 607 2065 omnia
632 2024 910 2080 cunctasque
942 2020 1092 2079 gentis
1118 2019 1307 2081 perditae
1342 2020 1495 2067 sordes
1522 2037 1548 2067 a
1578 2021 1747 2067 teneris
1771 2022 1916 2068 medi-

452 2115 542 2160 tari
581 2120 628 2160 et
666 2119 868 2161 tractare
914 2114 1229 2175 cogerentur&
1270 2116 1438 2162 Iisdem
1474 2116 1522 2162 in
1564 2117 1724 2176 scolis,
1772 2133 1913 2179 quum

449 2211 707 2256 oratoribus
738 2210 904 2271 prioris
937 2210 1026 2256 aevi
1053 2215 1098 2256 et
1122 2210 1351 2256 historicis
1384 2211 1587 2258 animum
1624 2218 1912 2275 mentemque

450 2305 757 2363 intenderent,
787 2320 929 2366 quum
963 2306 1131 2351 veteris
1165 2305 1441 2366 Reipublicae
1479 2322 1550 2352 res
1579 2308 1740 2353 extolli
1766 2308 1912 2370 depri-

449 2401 570 2446 mive
605 2399 835 2457 audirent,
865 2404 946 2445 aut
970 2399 1057 2445 aevi
1082 2399 1303 2460 praeteriti
1339 2400 1544 2461 spiritus,
1574 2402 1804 2460 ferociam,
1840 2403 1908 2449 fo-

448 2497 650 2542 rensium
675 2495 977 2541 certaminum
1013 2510 1228 2553 amorem,
1258 2495 1578 2557 intempestive
1613 2498 1905 2557 hauriebant,

450 2600 531 2640 aut
550 2593 669 2640 nihil
689 2592 801 2638 satis
819 2591 931 2638 certi
950 2591 1006 2637 de
1029 2591 1198 2652 patria,
1222 2592 1278 2638 de
1301 2607 1381 2638 suo
1396 2598 1613 2655 tempore,
1640 2594 1904 2641 discebant:

505 2758 512 2778 ¹
538 2760 634 2797 Ann.
657 2758 700 2806 ΙΙ,
722 2757 790 2805 33;
811 2757 874 2804 Ill,
896 2754 959 2806 521,
980 2755 1042 2795 55.
1270 2755 1283 2776 ⁴
1305 2755 1405 2795 vide
1434 2756 1591 2796 Seneca}
1618 2756 1790 2798 Rhetoris
1814 2758 1908 2799 Con-

503 2827 516 2847 ²
539 2826 601 2876 vl,
629 2827 685 2866 16.
1213 2827 1429 2866 troverse‘as.
1464 2849 1512 2854 —-
1545 2827 1646 2867 mal.
1682 2827 1727 2867 (Ie
1763 2827 1908 2867 Orato-

502 2898 515 2917 ³
539 2897 603 2946 lv,
628 2898 686 2936 16.
1214 2898 1335 2946 ribus,
1357 2897 1420 2936 35.
