2118 3308
545 272 603 326 64
1146 284 1202 316 nn
1235 283 1395 317 'mcn‘o

546 365 782 427 explicant
811 364 949 411 iidem
975 364 1046 410 illi
1071 365 1286 419 Annales,
1315 366 1393 427 qui
1423 366 1538 412 vitia
1569 364 1761 413 Caesaris
1789 370 1885 411 tam
1913 365 2011 411 acri

547 461 794 508 sedulitate
827 461 1073 508 rimantur.
1100 462 1233 508 Tales
1259 462 1443 523 quidem
1468 463 1804 525 occupationes,
1833 477 2013 524 prospe-

547 557 678 603 ritati
705 557 901 618 publicae
926 558 1125 605 maxime
1145 558 1371 604 salutares
1394 564 1440 605 et
1464 559 1694 606 exercenti
1720 558 1922 606 maxime
1950 557 2013 604 la-

547 653 769 711 boriosas,
803 653 1068 714 paucissimi
1093 652 1253 714 priscis
1274 669 1340 699 sex
1376 653 1605 700 historicis
1635 654 1929 716 introspicere
1964 659 2011 701 et

547 749 799 811 explanare
829 749 978 795 solent
1017 764 1026 795 :
1067 748 1177 795 dum
1213 764 1374 811 nempe
1406 765 1477 796 res
1515 755 1749 796 sectantur
1798 766 1899 812 quae
1952 750 2010 796 ad

547 845 879 909 permovendos
906 845 1098 904 animos,
1129 846 1187 891 ad
1211 845 1585 907 perstringendos
1610 842 1763 893 oculos
1785 851 1831 893 e't
1854 845 1912 892 ad
1943 861 2014 892 re-

549 942 773 990 creandas
797 943 972 989 mentes
995 942 1250 1003 legentium
1275 942 1521 1004 aptissimae
1544 948 1666 1002 sunt,
1690 949 1869 1005 partem
1893 943 2015 989 hanc

548 1039 752 1086 historiae
778 1038 1049 1085 severiorem
1077 1053 1129 1084 ac
1163 1038 1445 1085 reconditam
1471 1039 1622 1086 minus
1652 1044 1835 1098 curant,
1860 1038 2016 1085 omnia
2064 1094 2070 1100 ,

551 1132 682 1183 nobis
704 1133 763 1181 vde
792 1130 1050 1196 'Republica
1069 1139 1370 1195 exponentes,
1400 1139 1565 1196 praeter
1580 1134 1728 1196 ipsam
1755 1133 2017 1196 Rempubli-

550 1245 667 1279 cam.
697 1232 811 1279 Eam
844 1235 999 1277 tamen
1033 1230 1363 1292 negligentiam
1396 1230 1520 1292 apud
1553 1230 1795 1292 scriptores
1829 1229 1910 1292 qui
1945 1245 2017 1276 res

547 1324 796 1386 Romanas,
842 1325 1108 1388 regentibus
1132 1326 1442 1388 Principibus,
1476 1326 1793 1386 tradiderunt,
1823 1326 2014 1373 minime

546 1436 753 1484 excuseS,
779 1424 907 1486 quia,
936 1429 990 1471 ut
1011 1424 1136 1486 prior
1161 1429 1288 1484 aetas,
1314 1423 1597 1471 militaribus
1621 1425 1909 1487 potissimum
1934 1438 2015 1470 cu-

548 1522 611 1569 ris
641 1521 847 1579 addicta,
879 1521 1006 1568 inter
1035 1536 1218 1583 pugnas
1254 1522 1524 1584 plerumque
1560 1522 1799 1583 agebatur,
1828 1520 1896 1566 ita
1920 1519 2017 1567 haec

551 1616 610 1663 ad
638 1618 952 1680 componenda
987 1623 1033 1665 et
1063 1618 1367 1680 gubernanda
1392 1627 1692 1680 rquaecumque
1719 1617 1858 1664 armis
1880 1621 2018 1680 parta

549 1719 702 1770 erant,
738 1695 1037 1775 peculiariter
1068 1711 1304 1776 insumpta
1338 1716 1422 1761 est.
1454 1712 1644 1762 Tacitus
1681 1719 1850 1773 autem,
1890 1725 2018 1760 accu-

550 1815 682 1856 ratus
716 1807 1018 1870 judiciorum,
1057 1807 1393 1873 suppliciorum
1435 1816 1499 1869 et,
1540 1816 1725 1873 reperta
1752 1802 2012 1867 occasione,

549 1906 814 1969 praeliorum
853 1911 936 1953 aut
965 1902 1244 1953 seditionum
1276 1910 1508 1965 narrator,
1547 1902 1724 1968 aliquot
1761 1902 2013 1952 illustrium

545 2003 787 2050 *domorum
825 2000 1007 2049 casibus
1037 2014 1178 2064 prope
1207 2001 1346 2049 'unice
1374 2001 1607 2060 intentus,
1643 2014 1751 2047 raro
1789 2002 1848 2048 ad
1884 2000 2015 2047 illam

547 2099 770 2161 respicere
795 2098 1018 2160 dignatur
1036 2095 1388 2144 muniminem
1412 2078 1597 2144 tamem
1621 2097 1870 2158 Imperium
1888 2097 2015 2142 inco-

548 2197 745 2265 lentem3
793 2195 915 2257 quod
956 2195 1141 2256 quidem
1180 2195 1347 2241 vitium
1392 2194 1569 2241 cunctis
1596 2193 1744 2241 'fenne
1788 2193 2016 2240 historicis

550 2293 672 2354 apud
711 2308 867 2339 omnes
913 2296 1072 2352 gentes
1107 2296 1372 2352 aetatesque,
1413 2296 1519 2337 ante
1557 2291 1774 2337 saeculum
1810 2288 2014 2336 nostrum

548 2388 690 2435 fuisse
726 2402 964 2435 commune
997 2385 1213 2434 confiteor
1225 2402 1238 2445 3
1259 2386 1441 2433 ‘scilicet
1462 2399 1569 2447 pars
1591 2386 1675 2432 illa
1697 2385 1869 2432 civium
1892 2399 2012 2447 quae,

550 2484 779 2545 majorum
812 2483 1092 2531 'claritudine
1129 2482 1368 2540 destituta,
1405 2480 1528 2528 *nihi'l
1552 2485 1718 2544 praeter
1741 2492 1899 2543 pacem
1930 2495 2016 2542 pu-

550 2581 721 2628 blicam
742 2617 755 2639 ,
812 2580 1139 2641 variorumque
1185 2593 1372 2640 operum
1407 2582 1454 2624 et
1491 2576 1787 2623 artificiorum
1822 2575 2015 2623 liberam

550 2677 931 2726 exercitationem
954 2681 1161 2737 exoptat,
1194 2674 1316 2736 apud
1342 2674 1582 2720 historicos
1611 2672 1694 2719 diu
1716 2672 1875 2730 latuit,
1905 2667 2017 2734 quia

551 2775 757 2837 placidos
790 2774 997 2821 homines
1031 2787 1165 2819 suum
1201 2771 1452 2829 silentium,
1482 2776 1535 2816 ut
1558 2770 1627 2816 ita
1660 2769 1827 2827 dicam,
1863 2768 2018 2814 obruit

555 2888 608 2918 ac
644 2870 923 2922 dissimulat,
964 2869 1071 2915 (lum
1116 2873 1299 2914 czeteros
1327 2883 1410 2913 sua
1446 2866 1710 2927 trepidatio,
1747 2881 1839 2911 suae
1874 2864 2013 2913 etiam
