2118 3308
478 332 533 390 74
1082 342 1140 373 1›1·:
1173 341 1332 373 TACITO

475 423 714 469 bationum
740 439 791 469 ac
815 423 1101 469 simultatum
1127 428 1349 484 tempora,
1375 421 1535 483 qualia
1554 420 1726 467 Tiberii
1751 420 1935 466 exstite-

475 524 601 576 runt,
644 519 944 565 miserrimam
969 519 1207 565 enarranti
1239 518 1436 564 offerunt
1466 518 1798 574 difficultatem,
1846 516 1932 562 sci-

474 614 582 659 licet
606 613 901 673 dignoscendi
928 629 979 659 ac
997 614 1229 659 subtiliter
1250 612 1484 659 indicandi
1501 612 1611 674 quid
1637 617 1683 658 et
1707 616 1934 672 quatenus

475 710 666 770 quisquc
695 714 774 754 aut
800 708 1045 770 deliquerit
1071 713 1152 754 aut
1176 708 1308 754 laesus
1333 707 1392 754 sit
1421 723 1430 753 z
1460 707 1516 753 iis
1549 708 1670 753 enim
1708 707 1755 752 in
1794 710 1934 752 certa-

474 806 692 863 minibus,
731 820 874 866 ecqua
894 805 1066 851 civium
1091 819 1195 865 pars
1221 803 1352 860 odiis,
1394 803 1589 861 insidiis,
1631 802 1934 863 violentisque

474 901 756 965 facinoribus
783 901 1018 946 abstinet?
1058 901 1222 947 Nonne
1246 899 1451 961 undique
1483 899 1576 956 irae,
1605 899 1788 959 probra,
1815 897 1934 943 ictus

474 997 751 1043 commisceri
778 997 924 1042 solent
941 997 971 1041 ‘?·
985 996 1165 1042 Natura
1184 1011 1291 1041 vero
1319 996 1384 1041 ita
1405 999 1717 1056 comparatum
1747 999 1830 1051 est,
1859 998 1928 1050 ut,

474 1098 699 1153 postrema
718 1092 899 1137 demum
924 1090 1233 1147 recordantes,
1270 1089 1455 1135 illorum
1479 1094 1665 1150 peccata
1690 1088 1934 1134 oblivisca-

473 1204 574 1234 mur
600 1203 792 1249 quorum
830 1186 1117 1232 calamitates
1148 1186 1338 1231 ultimas
1371 1201 1423 1231 ac
1457 1201 1656 1231 summas
1679 1185 1929 1230 intuemur.

474 1284 741 1331 Cavendum
776 1282 920 1343 igitur
952 1297 1007 1328 ne
1034 1287 1247 1327 narrator
1284 1281 1550 1339 victoribus,
1573 1281 1719 1342 ipsam
1751 1286 1935 1342 propter

475 1380 732 1437 victoriam,
758 1378 973 1440 asperior,
1022 1378 1172 1435 victiS,
1217 1393 1297 1438 per
1337 1376 1673 1423 miserationem
1715 1382 1761 1423 et
1801 1376 1933 1438 quasi

473 1492 608 1538 poena
625 1475 724 1535 jam
751 1475 862 1521 satis
881 1474 1131 1535 persoluta,
1161 1473 1427 1519 clementior
1451 1472 1642 1519 exsistat
1665 1487 1674 1517 :
1698 1471 1747 1518 hi
1776 1487 1935 1533 nempe

474 1573 578 1618 illos
602 1572 816 1628 invicem,
844 1570 920 1616 sed
939 1570 1086 1615 multo
1108 1569 1314 1630 gravius,
1344 1569 1665 1630 opprimerent,
1689 1568 1783 1614 suis
1801 1583 1937 1614 vexa-

473 1668 648 1715 toribus
672 1683 753 1728 pro
778 1666 906 1712 brevi
927 1660 1071 1711 morte
1097 1665 1291 1710 dedecus
1316 1663 1536 1710 aeternum
1561 1664 1815 1723 reddentes,

539 1762 952 1824 Quodiniquitatis
970 1777 1129 1822 genus,
1151 1761 1318 1807 animis
1336 1762 1497 1807 erectis
1517 1777 1569 1807 ac
1585 1761 1717 1807 bonis
1735 1766 1931 1818 suetum,

472 1860 662 1907 Tacitus
686 1859 874 1906 minime
901 1857 1088 1904 vitavit.

535 2050 641 2095 Jam
661 2049 860 2110 primum
883 2047 1140 2094 Tiberianae
1164 2047 1364 2094 feritatis
1387 2061 1569 2093 cursum
1588 2045 1730 2092 latius
1751 2047 1808 2091 ab
1836 2061 1937 2092 auc-

472 2151 569 2191 tore
584 2144 831 2191 Annalium
851 2149 1089 2190 extensum
1111 2143 1269 2201 fuisse,
1291 2143 1402 2204 ipsis
1415 2158 1471 2189 ex
1487 2141 1731 2189 Annalibus
1749 2146 1877 2203 patet
1892 2141 1902 2171 ¹
1920 2156 1930 2187 t

471 2257 620 2288 annus
645 2241 766 2287 enim
787 2256 916 2298 xxm,
947 2256 1036 2302 quo
1063 2240 1205 2286 refert
1226 2239 1394 2286 mutati
1410 2240 1458 2285 in
1483 2238 1683 2285 deterius
1697 2238 1935 2300 Principa-

471 2343 546 2384 tus
564 2337 767 2393 initium,
799 2351 889 2381 non
929 2335 1061 2381 modo
1088 2335 1374 2393 incruentus,
1403 2334 1481 2380 sed
1518 2334 1739 2380 modestia
1763 2333 1934 2380 Tiberii

473 2433 751 2487 laudand11S‚
774 2438 828 2478 ut
844 2432 1036 2493 priores,
1056 2432 1236 2493 agitur:
1261 2432 1464 2492 quinque
1485 2431 1651 2477 abhinc
1669 2430 1777 2476 anni
1792 2430 1936 2490 (Πιν-

472 2530 656 2590 xxvm'),
689 2533 977 2590 quatuorque
1005 2528 1199 2574 extremi
1238 2525 1614 2589 (xxxw-xxxvn),
1658 2525 1766 2571 licet
1797 2524 1935 2586 longa

465 2626 746 2686 judiciorum
762 2624 877 2670 serie
893 2624 1065 2680 tristeS,
1093 2638 1182 2669 non
1207 2627 1361 2668 tamen
1383 2638 1546 2669 caecam
1561 2627 1608 2668 et
1624 2621 1933 2668 intestabilem

472 2737 571 2768 eam
615 2721 812 2768 offerunt
851 2720 1207 2778 immanitatem,
1244 2734 1381 2780 quam
1418 2718 1611 2781 scriptor
1646 2717 1809 2765 irridet
1852 2721 1934 2764 aut

527 2931 536 2951 ⁸
559 2932 655 2971 Ann.
674 2931 738 2980 lV,
759 2946 791 2971 ι.
