2118 3308
482 328 510 371 (ἱ
1098 342 1155 374 DE
1189 341 1349 375 TAcrro

482 430 529 470 et
547 424 734 470 Nobiles
754 423 879 481 novi,
903 438 982 483 per
1010 422 1203 483 speciem
1234 423 1553 485 ingenuitatis,
1578 426 1734 487 pronis
1760 427 1950 474 auribus

483 519 773 580 excipiebant
803 533 813 563 :
852 517 1083 564 Caesarum
1117 518 1315 580 denique
1350 520 1575 567 saevitiam
1614 522 1661 567 hi
1701 524 1949 583 praesertim

489 615 671 660 Domini
713 613 1015 671 damnabant,
1058 615 1224 675 quibus
1257 616 1429 676 peracti
1469 617 1733 665 certaminis
1774 619 1951 666 fructus

483 711 714 771 percipere
739 709 927 755 tandem
953 724 1214 756 concessum
1240 716 1356 758 erat.

552 813 697 860 Simul
723 813 939 858 inchoata
963 811 1129 872 juveni
1156 814 1314 860 Tacito
1351 830 1548 876 moxque
1581 821 1716 862 aucta
1748 816 1952 878 dignitas

483 909 715 971 propriam
754 908 989 955 fortunam
1023 910 1156 970 quasi
1196 910 1393 957 sortunae
1428 911 1656 958 libertatis
1687 928 1825 974 quam
1851 927 1951 959 arc·

483 1004 672 1051 tissimis
697 1004 897 1051 vinculis
921 1020 1176 1052 connexam
1195 1006 1483 1053 ostenderat:
1515 1023 1675 1070 nempe
1695 1007 1952 1069 Vigintivir

483 1107 530 1148 et
549 1101 757 1158 Quaestor
778 1116 804 1146 a
824 1101 1124 1162 Vespasiano,
1147 1102 1314 1149 AEdilis
1332 1103 1438 1149 dein
1460 1108 1541 1150 aut
1554 1104 1785 1151 Tribunus
1804 1121 1830 1151 a
1849 1105 1951 1152 Tito

484 1204 679 1256 creatus,
726 1214 832 1244 mox
858 1198 1030 1245 Praetor
1055 1203 1101 1245 et
1135 1199 1504 1257 Quindecemvir,
1550 1201 1774 1247 seculares
1817 1201 1949 1247 ludos

485 1297 648 1342 edente
687 1294 971 1352 Domitiano,
1009 1294 1257 1355 reperitur¹
1284 1310 1296 1352 3
1325 1295 1374 1341 in
1411 1311 1500 1356 quo
1532 1296 1773 1357 dignitatis
1798 1298 1948 1358 gradu

484 1390 660 1437 diutius
683 1393 906 1448 retentus,
939 1389 1094 1436 Nerva
1119 1389 1301 1436 demum
1326 1390 1637 1453 principatum
1670 1398 1948 1454 capessente,

490 1488 648 1533 consul
683 1487 978 1533 renuntiatus
1025 1493 1126 1546 est3
1175 1489 1241 1534 ita
1292 1492 1347 1534 ut
1380 1488 1482 1550 pari
1515 1489 1761 1557 eodemque
1795 1496 1953 1538 tenore

488 1585 632 1630 Roma
658 1583 716 1630 ad
741 1583 1021 1642 libertatem,
1049 1583 1236 1630 Tacitus
1267 1583 1324 1631 ad
1349 1583 1565 1632 honorem
1588 1600 1815 1634 summum
1852 1601 1955 1633 con-

490 1680 716 1727 scendisse
740 1679 1004 1726 videantur.

551 1786 773 1848 Equidem
803 1785 879 1832 hic
908 1785 1003 1832 illis
1046 1788 1351 1834 occurendum
1375 1788 1539 1845 sentio,
1580 1788 1660 1849 qui
1700 1788 1751 1835 G.
1782 1789 1951 1836 Corne-

486 1883 601 1929 lium
625 1882 836 1944 protinus
862 1881 1103 1939 mirentur,
1154 1897 1272 1929 novo
1298 1898 1450 1930 rerum
1473 1883 1617 1929 statui
1652 1883 1763 1930 adeo
1799 1884 1955 1931 infen-

487 1996 603 2037 sum,
627 1984 723 2026 tam
745 1978 968 2044 praeclara
990 1979 1165 2036 munia,
1195 1985 1265 2025 tot
1288 1980 1450 2026 titulos
1477 1996 1503 2026 a
1528 1980 1758 2028 Caesarum
1783 1996 1954 2027 succes-

490 2075 667 2122 soribus
693 2074 931 2135 accepisse.
973 2071 1217 2119 Nimirum'
1236 2074 1458 2121 desiderio
1489 2094 1510 2120 c<
1536 2077 1674 2137 prisci
1705 2082 1751 2123 et
1783 2077 1953 2138 integri

488 2171 654 2220 1n0ris‘2
682 2189 724 2229 »,
753 2176 807 2218 ut
834 2172 927 2232 ipse
954 2170 1036 2228 ait,
1068 2171 1274 2228 ardebat,
1304 2171 1380 2218 sed
1412 2178 1681 2232 praesentem
1705 2174 1949 2232 tolerabat,

487 2275 542 2315 ut
566 2267 870 2315 necessarium
894 2282 904 2312 :
934 2266 1018 2324 ita,
1048 2266 1278 2327 sapienter
1297 2272 1570 2328 temperans,
1594 2269 1810 2330 aequabili
1831 2270 1966 2331 apud'

488 2365 725 2426 Principes
752 2363 1025 2410 auctoritate
1044 2362 1211 2423 viguit,
1241 2363 1367 2409 haud
1391 2363 1614 2411 absimilis
1639 2365 1799 2427 Lepidi
1825 2365 1953 2412 illius

490 2479 624 2525 quem
674 2462 803 2508 nobis
852 2461 1053 2508 ostendit
1100 2460 1211 2522 ipse,
1259 2460 1554 2522 imperitante
1596 2462 1795 2520 Tiberio,
1835 2463 1953 2508 inter

492 2563 736 2622 abruptam
778 2559 1114 2607 contumaciam
1157 2563 1203 2605 et
1245 2558 1444 2605 deforme
1470 2573 1627 2605 rursus
1662 2559 1947 2621 obsequium,

493 2660 581 2704 iter
607 2673 761 2704 secure
786 2661 1048 2718 pergentem
1063 2655 1098 2701 ⁵.

551 2858 556 2875 ¹
583 2857 678 2895 nm.
700 2859 726 2905 Ι,
754 2871 787 2904 ι;
809 2858 905 2896 Anu.
925 2857 989 2905 xl,
1019 2872 1072 2895 ιι.
1314 2857 1327 2875 ³
1350 2858 1446 2895 Anu.
1470 2856 1614 2903 1V‚·›.0.

546 2926 556 2944 ’·’
578 2928 675 2964 Anu.
700 2927 723 2973 Ι,
754 2925 781 2976 Ῑ.
