2118 3308
734 250 870 283 cch
905 249 1135 282 TIBERIUM
1602 237 1678 279 1'01

191 339 337 382 tatem
352 340 399 381 et
417 334 577 382 servili
598 335 912 382 Romanorum
933 334 1123 396 ingenio
1141 333 1504 396 periclitantem,
1525 338 1689 379 contra

190 432 319 480 dolos
343 432 653 480 Dominorum
678 432 910 495 paulatim
938 432 1301 494 insurgentium,
1332 436 1497 478 contra
1525 430 1689 494 populi

186 530 333 593 ipsius
359 530 408 577 in
430 529 665 580 Caesarum
685 531 1024 578 successoribus
1045 530 1283 589 fiduciam,
1306 529 1507 592 denique
1526 534 1689 576 contra

189 629 427 677 credulam
460 631 594 678 illam
627 631 925 678 securitatem
951 647 1055 693 quae
1080 631 1218 677 toties
1249 631 1470 693 gentibus
1505 628 1683 688 nocuit,

189 730 471 792 praemunire
519 728 766 792 gestiebat.
814 729 1069 777 Libertatis
1119 728 1307 775 demum
1357 743 1470 775 cura
1512 727 1687 775 sollici-

185 834 354 891 tusque
402 826 567 890 patriae
619 842 747 874 amor
789 825 1087 889 splendidum
1138 825 1274 873 illud·
1308 825 1554 888 ingenium
1601 825 1688 872 has

184 928 314 975 intra
352 922 572 973 tenebras
609 925 856 974 inclusere.

250 1025 464 1072 Tacitum
503 1039 597 1070 non
638 1024 784 1071 animi
818 1039 977 1084 causa,
1018 1024 1096 1072 sed
1142 1023 1200 1071 ad
1245 1022 1503 1071 docendam
1540 1029 1688 1086 poste-

183 1124 391 1183 ritatem,
415 1123 693 1170 domesticas
723 1122 867 1171 Urbis
901 1122 1057 1170 sordes
1092 1128 1192 1170 tam
1225 1127 1392 1170 moesta
1422 1123 1527 1170 luce
1554 1122 1685 1170 illus-

182 1221 399 1281 travisse,
444 1226 679 1268 testantur
721 1221 898 1284 legenti
938 1221 1107 1284 cuique
1149 1221 1417 1284 indignatio
1454 1221 1558 1281 illa,
1601 1221 1683 1269 ille

186 1320 317 1368 dolor
342 1321 442 1385 qui,
472 1337 554 1384 per
573 1321 738 1390 omnia*
756 1321 921 1385 optimi
944 1321 1223 1385 providique
1250 1321 1370 1369 civis
1390 1337 1547 1386 opera,
1576 1337 1683 1369 nus-

173 1435 324 1483 quam
346 1424 659 1482 erumpenteS,
689 1419 865 1484 ubique
888 1424 1048 1468 tamen
1079 1419 1255 1468 vivunt
1279 1436 1334 1469 ac
1358 1421 1511 1469 veluti
1538 1421 1679 1484 scrip-

181 1519 243 1568 tis
283 1519 671 1567 submurmurant
699 1534 709 1566 :

702 1644 814 1686 Mens
834 1643 960 1699 agitat
977 1644 1135 1687 molem!
1160 1677 1171 1687 .
1192 1678 1201 1688 .
1225 1678 1236 1688 .

248 1760 319 1808 Sit
342 1760 507 1822 igitur,
537 1763 727 1822 propter
751 1759 878 1822 piam
908 1776 961 1807 ac
986 1760 1354 1823 pulcherrimam
1380 1762 1515 1811 illam
1541 1765 1686 1812 tristi-

181 1857 315 1917 tiam,
339 1862 590 1905 excusatus
611 1857 864 1904 Annalium
887 1862 1076 1905 auctor:
1108 1864 1157 1906 at
1175 1875 1258 1907 nos
1278 1860 1521 1910 doleamus
1539 1864 1680 1926 quod,

180 1956 367 2018 proprio
395 1960 442 2003 et
477 1955 729 2018 aequalium
761 1955 811 2003 in
852 1955 1054 2004 Caesares
1095 1957 1200 2005 odio
1235 1959 1492 2022 malignius
1532 1961 1686 2009 indul-

181 2069 321 2117 gens,
377 2054 562 2101 Tiberio
618 2054 910 2118 funestisque
964 2055 1095 2103 illius
1143 2058 1434 2120 temporibus
1486 2061 1684 2122 speciem

180 2151 390 2199 induerit
424 2168 537 2199 vera
569 2152 712 2200 etiam
739 2153 1035 2214 deteriorem,
1065 2159 1426 2219 susceptumque
1459 2173 1487 2204 a
1512 2174 1559 2205 se
1585 2164 1684 2206 tam

180 2249 385 2297 civiliter
411 2265 526 2313 opus
564 2249 653 2297 sibi
681 2249 794 2298 adeo
820 2267 965 2313 grave
993 2267 1046 2299 ac
1071 2253 1335 2313 molestum,
1371 2257 1677 2320 posterisque,
1751 2250 1754 2253 ’

180 2347 291 2396 licet
325 2348 685 2409 admirantibuS,
727 2349 840 2398 adeo
865 2355 1040 2400 tetrum
1068 2367 1122 2400 ac
1152 2352 1350 2402 funebre
1389 2355 1677 2405 reddiderit!

987 2992 1133 3032 Nanceii,
1157 3002 1196 3026 cx
1217 2993 1299 3037 typis
1319 2992 1491 3027 Sordoillct
1516 2999 1546 3027 et
1566 2994 1630 3029 lils.
