2118 3308
707 271 844 307 CIROA
879 272 1111 305 TIBERIUM
1555 270 1558 275 ’
1607 274 1663 320 27

166 361 319 408 locum
340 359 524 422 optimae
550 357 762 419 conjugis
784 356 984 419 pessima
1005 360 1287 404 successerat
1310 355 1496 414 mulier,
1545 371 1667 402 nem-

166 475 224 522 pe
248 458 427 505 famosa
447 457 535 504 illa
552 457 583 505 J
585 457 703 516 ulia,
731 473 851 520 quae,
879 457 989 504 licet
1006 455 1183 504 Tiberii
1206 455 1475 518 praecupida
1523 453 1666 518 (quod

167 558 342 621 palam,
372 558 447 605 vel
473 558 559 605 sub
585 557 739 619 priore
757 556 944 614 marito,
969 554 1275 617 ostenderat),
1299 571 1408 601 mox
1428 554 1519 600 sibi
1532 553 1668 615 junc-

165 662 267 706 tum
295 655 540 703 adulteriis
564 655 660 702 suis
686 671 780 721 non
806 655 963 702 minus
988 654 1242 702 ridiculum
1278 669 1419 716 quam
1451 658 1665 700 moestum

166 755 318 805 effecit
339 771 352 813 ;
399 770 582 817 nempe,
628 754 700 801 sui
727 754 966 801 dedecoris
987 753 1115 801 haud
1154 754 1366 815 ignarus,
1412 752 1666 799 faedissima

168 868 380 916 quaeque,
412 853 615 914 Augusti
641 857 870 915 respectu,
901 831 983 899 diu
1007 853 1208 900 tolerare
1229 838 1420 899 coactus
1435 857 1520 899 est.

230 1018 411 1077 Quibus
432 1018 769 1065 acerbitatibus
787 1019 1154 1082 pulcherrimum
1177 1020 1432 1082 suffugium
1452 1020 1671 1067 manifes-

163 1123 240 1164 tus
262 1121 331 1163 est
355 1116 641 1180 quaesivisse,
685 1117 864 1164 scilicet
900 1117 1050 1165 vitam
1084 1119 1134 1165 in
1167 1118 1351 1178 castris,
1393 1118 1671 1181 asperrimos

162 1205 526 1278 longinquorum
546 1216 777 1263 bellorum
802 1215 985 1263 labores
1005 1222 1052 1264 et
1073 1217 1240 1264 utilem
1259 1201 1425 1280 patriae
1445 1218 1661 1279 gloriam.

226 1313 353 1362 Hinc
376 1329 485 1367 vero
527 1313 708 1375 majora
731 1321 888 1363 coorta
920 1321 1056 1363 erant
1080 1316 1307 1378 pericula,
1351 1332 1498 1379 quum
1528 1321 1668 1362 tanta

162 1411 303 1459 laude
326 1411 508 1459 duobus
543 1412 821 1472 Caesaribus,
861 1412 974 1460 Caio
999 1419 1047 1462 et
1079 1408 1242 1473 Lucio‘,
1278 1429 1394 1476 quos
1423 1414 1668 1476 Augustus

163 1515 352 1574 nepotes
376 1510 425 1557 in
449 1526 576 1574 spem
617 1511 800 1573 imperii
825 1512 1040 1574 protinus
1063 1512 1328 1576 excipiendi
1359 1517 1476 1560 tunc
1502 1512 1667 1559 educa-

162 1612 263 1670 bat,
305 1610 535 1669 Tiberius,
574 1611 882 1657 barbarorum
920 1610 1137 1670 domitor,
1184 1611 1366 1659 officere
1404 1611 1662 1659 videretur.

162 1710 360 1758 Illorum
410 1709 557 1772 igitur
591 1709 774 1757 insidiis
813 1725 867 1757 ac
914 1709 1111 1756 forsitan
1151 1709 1356 1758 sicariis¹
1403 1710 1666 1773 vitricoque

164 1807 263 1869 ipso
282 1806 482 1866 diffisus,
511 1807 653 1854 simul
688 1793 1049 1855 domesticarum
1086 1824 1307 1855 curarum
1335 1808 1455 1855 mole
1489 1806 1662 1867 victus,

163 1907 440 1968 urgentibus
466 1907 605 1953 simul
625 1907 777 1953 taediis
800 1923 853 1953 ac
873 1912 1018 1966 metu,
1042 1923 1253 1965 uxorem,
1277 1908 1460 1966 urbem,
1484 1907 1661 1965 aulam,

94 2059 96 2061 ,
162 2003 336 2066 pariter
362 2020 447 2051 nec
480 2003 713 2051 immerito
736 2004 933 2063 invisas,
972 2004 1178 2066 fugerat,
1208 2004 1531 2067 proficiscendi
1557 2022 1665 2068 pro-

162 2117 302 2164 perus
321 2106 368 2148 et
389 2117 562 2164 paucos
590 2102 840 2149 admodum
864 2103 914 2149 in
935 2103 1146 2164 digressu
1168 2103 1483 2151 exosculatus.

227 2199 361 2256 Quod
392 2200 448 2258 si,
490 2199 704 2246 Rhodum
728 2204 845 2246 tunc
872 2199 1120 2260 navigans,
1149 2204 1427 2261 tempestate
1455 2201 1540 2247 illa
1566 2218 1664 2263 qua

157 2295 367 2357 jactatus
401 2302 486 2354 est,
525 2296 692 2343 fuisset
732 2296 934 2343 feliciter
972 2296 1277 2358 interceptus,
1324 2313 1478 2345 nonne
1505 2316 1664 2347 omnes

165 2396 492 2455 indoluissent,
530 2401 586 2443 ut
621 2397 820 2458 probum
866 2412 920 2442 ac
957 2401 1200 2442 strenuum
1242 2395 1410 2455 civem,
1453 2397 1534 2459 qui
1577 2397 1664 2443 ali-

165 2494 351 2556 quando
378 2495 582 2556 optimus
607 2495 797 2541 futurus
822 2499 941 2541 esset
972 2494 1235 2556 Princeps?
1270 2494 1513 2543 Hactenus
1539 2497 1662 2544 enim

166 2592 287 2639 nihil
309 2593 453 2639 ferme
477 2592 632 2654 pravi,
663 2592 835 2639 nedum
858 2592 1134 2654 portentosi,
1158 2592 1430 2654 prodiderat
1454 2609 1463 2639 :
1491 2592 1663 2656 Super-

168 2689 248 2737 bus
272 2691 461 2752 quidem
500 2692 803 2753 arguebatur,
845 2689 924 2736 sed
947 2690 1123 2751 gentile
1148 2690 1236 2736 hoc
1265 2690 1437 2737 vitium
1463 2691 1664 2752 majores

168 2785 267 2847 ejus
292 2803 409 2849 saepc
435 2788 642 2836 faustum
671 2803 722 2833 ac
748 2786 863 2834 felix
892 2785 1159 2851 reipublicae
1192 2787 1427 2843 fecerant3
1456 2787 1666 2838 horridus

225 2954 230 2975 ¹
256 2954 363 2995 suet.
384 2954 484 2997 xm.
