2118 3308
457 311 516 369 98
1065 324 1122 355 nn
1155 323 1315 357 TAcrro

458 403 655 462 legibus,
685 408 783 448 tum
810 402 1009 450 historiae
1046 405 1272 465 aequitati,
1304 405 1472 464 verius,
1502 414 1555 452 ut
1577 405 1759 467 quidem
1793 422 1908 465 reor,

454 498 809 558 accommodata,
839 500 993 561 ecquis
1020 516 1110 546 non
1136 502 1277 548 sentit
1301 501 1533 548 Tiberium
1558 502 1755 549 multum
1788 502 1912 550 infra

453 595 665 656 deprimi,
710 595 877 642 nedum
909 596 1190 644 extollatur?
1216 596 1290 645 Sic
1322 597 1444 645 enim
1479 598 1738 646 ostenditur
1777 599 1913 646 miser

453 691 530 738 ille
557 693 768 753 princeps
794 693 945 754 qualis
974 693 1082 753 fuit,
1120 709 1282 756 nempe
1317 695 1531 743 scelestus
1559 701 1613 742 ut
1647 695 1784 742 multi
1818 710 1912 742 esse

450 788 597 834 solent
624 803 676 834 ac
699 788 927 851 plerisque
950 788 1083 836 modo
1108 789 1338 849 solertior3
1369 806 1395 836 a
1420 791 1661 852 sanguine,
1687 795 1910 854 tanquam

450 882 621 945 quivis'
643 884 808 931 talium
848 890 1105 947 temporum
1136 887 1383 946 Romanus,
1418 892 1588 934 natura
1620 903 1711 934 non
1752 887 1911 935 abhor-

447 996 549 1026 rens
560 996 572 1037 ;
597 981 843 1028 diuturnas
867 983 922 1028 ob
943 998 1170 1030 aerumnas
1191 984 1337 1030 tristis
1355 989 1402 1030 et
1423 983 1657 1046 suspicax3
1686 985 1911 1046 congestis

446 1084 489 1122 et
517 1077 596 1123 (liu
633 1077 935 1125 dissimulatis
966 1079 1263 1141 toleratisque
1295 1080 1549 1141 opprobriis
1578 1082 1905 1139 exacerbatus3

447 1174 501 1217 ob
529 1173 734 1235 pericula
762 1174 993 1233 diffidens;
1039 1177 1094 1222 ob
1130 1175 1324 1222 insidias
1355 1175 1561 1223 assiduas
1593 1192 1762 1235 saevus;
1803 1193 1908 1224 mox

442 1269 613 1329 priores
651 1271 705 1315 ob
747 1271 948 1318 saevitias
984 1271 1168 1329 saevior3
1222 1272 1424 1318 latebras
1463 1272 1589 1319 intra
1639 1289 1745 1319 suas
1778 1273 1906 1320 inde-

442 1365 646 1412 sinenter
680 1367 932 1428 trepidans,
971 1382 1094 1414 nunc
1137 1367 1209 1414 ira
1250 1373 1296 1414 et
1343 1372 1607 1430 contemptu
1647 1368 1902 1428 hominum,

443 1478 564 1507 nnnc
591 1463 736 1509 sterili
759 1465 1033 1525 poenitentia
1057 1469 1104 1511 et
1128 1464 1200 1510 sui
1223 1463 1359 1510 taedio
1394 1464 1697 1512 discruciatus
1705 1481 1719 1524 3
1757 1467 1906 1528 prima

436 1558 634 1619 denique
660 1541 863 1617 terroris,
882 1575 971 1621 quo
982 1560 1077 1607 tale
1090 1565 1270 1621 tempus
1287 1559 1571 1606 funestatum
1587 1567 1670 1619 est,
1693 1561 1900 1609 victima.

505 1654 649 1710 Quem
679 1655 727 1701 in
760 1655 988 1702 invidioso
1019 1672 1099 1702 suo
1126 1655 1314 1718 fastigio
1349 1656 1495 1718 magis
1529 1656 1577 1702 in
1614 1657 1710 1704 dies
1743 1658 1903 1704 exani-

438 1755 612 1797 matum
639 1756 685 1797 et
709 1767 854 1813 usque
879 1752 1087 1799 viliorem
1113 1753 1288 1798 factum
1318 1752 1519 1810 intuens,
1549 1752 1695 1800 odisse
1719 1754 1902 1815 quidem

436 1854 481 1893 et
508 1847 792 1909 adspernari,
823 1848 899 1894 sed
925 1848 1159 1910 paulisper
1184 1863 1364 1910 quoque
1383 1848 1607 1907 miserari,
1637 1850 1825 1911 cogeris,
1853 1850 1901 1896 in
1960 1887 1963 1891 ,

436 1950 661 2003 quantum
686 1943 973 1990 miserandus
998 1959 1093 1991 esse
1118 1950 1268 2005 potest
1293 1943 1372 2006 qui
1394 1944 1590 2005 pessima
1613 1961 1820 2007 quaeque,
1849 1953 1902 1992 ut

436 2041 734 2101 perpetravit,
765 2041 830 2087 sic
855 2041 1038 2088 meruit.

499 2242 780 2296 Evanesckat
803 2243 948 2304 igitur
968 2242 1198 2289 horrenda
1227 2242 1311 2288 illa
1336 2243 1479 2290 veluti
1503 2242 1733 2304 majestas,
1760 2259 1896 2307 quam

431 2339 617 2386 Tacitus
635 2340 817 2386 Tiberio
838 2339 1089 2397 indiderat,
1116 2345 1163 2386 et
1185 2355 1277 2401 qua
1305 2339 1602 2387 admirationi
1629 2356 1718 2387 non
1745 2342 1898 2388 minus

432 2452 569 2496 quam
608 2435 710 2482 odio
747 2435 983 2497 exemplar
1020 2435 1136 2481 illud
1175 2435 1437 2497 tyrannidis
1471 2436 1892 2485 commendabatur.

431 2529 653 2591 Equidem
694 2529 1151 2592 nempe-confitebor,
1194 2512 1388 2591 quoties,
1434 2531 1479 2576 in
1518 2532 1612 2593 ipso
1651 2533 1895 2580 Annalium

429 2626 608 2686 limine,
639 2633 882 2689 appareret
907 2631 1198 2688 portentosus
1222 2626 1302 2673 ille
1318 2626 1551 2689 Princeps,
1585 2629 1798 2689 ingenitae
1825 2645 1898 2676 ne-

427 2724 587 2784 quitiae
617 2739 881 2785 progressus
912 2723 1035 2769 ultro
1069 2738 1122 2769 ac
1145 2723 1375 2784 gradatim
1402 2724 1676 2786 propellens,
1712 2731 1766 2772 ut
1788 2730 1895 2772 tan-

426 2819 527 2864 dem
553 2819 599 2864 in
628 2820 854 2880 sanguine
881 2834 934 2864 ac
958 2834 1084 2865 coeno
1103 2819 1370 2875 tabesceret,
1402 2834 1485 2866 nec
1522 2820 1674 2867 minus
1705 2822 1762 2868 ad
1789 2822 1896 2869 ulti-

428 2931 547 2961 mam
573 2915 732 2961 horam
760 2915 962 2975 vigorem
986 2915 1127 2960 animi
1155 2915 1424 2975 consiliique
1442 2915 1660 2974 retinens,
1686 2917 1892 2964 intrabat
