<?xml version="1.0" encoding="UTF-8"?>
<!DOCTYPE html PUBLIC "-//W3C//DTD XHTML 1.0 Transitional//EN"
    "http://www.w3.org/TR/xhtml1/DTD/xhtml1-transitional.dtd">
<html xmlns="http://www.w3.org/1999/xhtml" xml:lang="en" lang="en">
 <head>
  <title>
</title>
<meta http-equiv="Content-Type" content="text/html;charset=utf-8" />
  <meta name='ocr-system' content='tesseract 3.04.00' />
  <meta name='ocr-capabilities' content='ocr_page ocr_carea ocr_par ocr_line ocrx_word'/>
</head>
<body>
  <div class='ocr_page' id='page_1' title='image "./detacitiadenarra00duchuoft_0100.png"; bbox 0 0 2118 3308; ppageno 0'>
   <div class='ocr_carea' id='block_1_1' title="bbox 466 319 1940 570">
    <p class='ocr_par' dir='ltr' id='par_1_1' title="bbox 466 319 1940 570">
     <span class='ocr_line' id='line_1_1' title="bbox 472 319 1336 363; baseline -0.001 -1"><span class='ocrx_word' id='word_1_1' title='bbox 472 319 531 363; x_wconf 75' lang='lat'><strong>88</strong></span> <span class='ocrx_word' id='word_1_2' title='bbox 1083 331 1141 362; x_wconf 79' lang='lat'>1›1‹:</span> <span class='ocrx_word' id='word_1_3' title='bbox 1175 329 1336 363; x_wconf 77' lang='lat' dir='ltr'><strong>TAcrro</strong></span> 
     </span>
     <span class='ocr_line' id='line_1_2' title="bbox 466 409 1940 472; baseline -0.002 -11"><span class='ocrx_word' id='word_1_4' title='bbox 466 415 610 461; x_wconf 84' lang='lat' dir='ltr'><strong>caedes</strong></span> <span class='ocrx_word' id='word_1_5' title='bbox 637 419 790 470; x_wconf 87' lang='lat' dir='ltr'><strong>natus,</strong></span> <span class='ocrx_word' id='word_1_6' title='bbox 819 412 941 458; x_wconf 89' lang='lat' dir='ltr'><strong>inter</strong></span> <span class='ocrx_word' id='word_1_7' title='bbox 966 411 1126 458; x_wconf 84' lang='lat' dir='ltr'><strong>civiles</strong></span> <span class='ocrx_word' id='word_1_8' title='bbox 1150 410 1389 472; x_wconf 84' lang='lat' dir='ltr'><strong>procellas,</strong></span> <span class='ocrx_word' id='word_1_9' title='bbox 1429 415 1476 457; x_wconf 90' lang='lat' dir='ltr'><strong>et</strong></span> <span class='ocrx_word' id='word_1_10' title='bbox 1508 411 1629 458; x_wconf 89' lang='lat' dir='ltr'><strong>inter</strong></span> <span class='ocrx_word' id='word_1_11' title='bbox 1654 410 1810 457; x_wconf 85' lang='lat' dir='ltr'><strong>omnia</strong></span> <span class='ocrx_word' id='word_1_12' title='bbox 1833 409 1940 458; x_wconf 89' lang='lat' dir='ltr'><strong>irri-</strong></span> 
     </span>
     <span class='ocr_line' id='line_1_3' title="bbox 467 505 1940 570; baseline 0 -14"><span class='ocrx_word' id='word_1_13' title='bbox 467 515 675 557; x_wconf 82' lang='lat' dir='ltr'><strong>tamenta.</strong></span> <span class='ocrx_word' id='word_1_14' title='bbox 704 523 925 570; x_wconf 79' lang='lat' dir='ltr'><strong>supremae</strong></span> <span class='ocrx_word' id='word_1_15' title='bbox 955 506 1284 554; x_wconf 86' lang='lat' dir='ltr'><strong>dominationis</strong></span> <span class='ocrx_word' id='word_1_16' title='bbox 1307 505 1546 566; x_wconf 81' lang='lat' dir='ltr'><strong>educatus,</strong></span> <span class='ocrx_word' id='word_1_17' title='bbox 1584 506 1823 554; x_wconf 86' lang='lat' dir='ltr'><strong>securitati</strong></span> <span class='ocrx_word' id='word_1_18' title='bbox 1848 520 1940 556; x_wconf 72' lang='lat' dir='ltr'>811ae</span> 
     </span>
    </p>
   </div>
   <div class='ocr_carea' id='block_1_2' title="bbox 469 604 1138 665">
    <p class='ocr_par' dir='ltr' id='par_1_2' title="bbox 469 604 1138 665">
     <span class='ocr_line' id='line_1_4' title="bbox 469 604 1138 665; baseline -0.004 -14"><span class='ocrx_word' id='word_1_19' title='bbox 469 604 811 652; x_wconf 80' lang='lat' dir='ltr'><strong>humanitatem</strong></span> <span class='ocrx_word' id='word_1_20' title='bbox 837 607 1138 665; x_wconf 79' lang='lat' dir='ltr'><strong>praeponeret.</strong></span> 
     </span>
    </p>
   </div>
   <div class='ocr_carea' id='block_1_3' title="bbox 468 797 1995 2504">
    <p class='ocr_par' dir='ltr' id='par_1_3' title="bbox 468 797 1995 2504">
     <span class='ocr_line' id='line_1_5' title="bbox 533 797 1943 860; baseline 0.004 -16"><span class='ocrx_word' id='word_1_21' title='bbox 533 798 678 860; x_wconf 78' lang='lat' dir='ltr'><strong>Atqui</strong></span> <span class='ocrx_word' id='word_1_22' title='bbox 702 798 792 844; x_wconf 87' lang='lat' dir='ltr'><strong>huc</strong></span> <span class='ocrx_word' id='word_1_23' title='bbox 817 797 1088 844; x_wconf 89' lang='lat' dir='ltr'><strong>devolutum</strong></span> <span class='ocrx_word' id='word_1_24' title='bbox 1114 798 1259 844; x_wconf 88' lang='lat' dir='ltr'><strong>multo</strong></span> <span class='ocrx_word' id='word_1_25' title='bbox 1294 798 1434 846; x_wconf 87' lang='lat' dir='ltr'><strong>etiam</strong></span> <span class='ocrx_word' id='word_1_26' title='bbox 1470 802 1713 848; x_wconf 72' lang='lat' dir='ltr'><strong>antecessit</strong></span> <span class='ocrx_word' id='word_1_27' title='bbox 1747 803 1943 850; x_wconf 84' lang='lat' dir='ltr'><strong>Senatus</strong></span> 
     </span>
     <span class='ocr_line' id='line_1_6' title="bbox 468 892 1943 955; baseline 0.003 -15"><span class='ocrx_word' id='word_1_28' title='bbox 468 895 563 953; x_wconf 86' lang='lat' dir='ltr'><strong>ille,</strong></span> <span class='ocrx_word' id='word_1_29' title='bbox 607 894 687 955; x_wconf 86' lang='lat' dir='ltr'><strong>qui</strong></span> <span class='ocrx_word' id='word_1_30' title='bbox 729 893 908 939; x_wconf 85' lang='lat' dir='ltr'><strong>cunctis</strong></span> <span class='ocrx_word' id='word_1_31' title='bbox 952 892 1159 938; x_wconf 86' lang='lat' dir='ltr'><strong>civitatis</strong></span> <span class='ocrx_word' id='word_1_32' title='bbox 1199 893 1406 954; x_wconf 81' lang='lat' dir='ltr'><strong>pessimae</strong></span> <span class='ocrx_word' id='word_1_33' title='bbox 1448 894 1576 941; x_wconf 82' lang='lat' dir='ltr'><strong>vitiis</strong></span> <span class='ocrx_word' id='word_1_34' title='bbox 1618 911 1671 942; x_wconf 88' lang='lat' dir='ltr'><strong>ac</strong></span> <span class='ocrx_word' id='word_1_35' title='bbox 1709 896 1943 945; x_wconf 89' lang='lat' dir='ltr'><strong>furoribus</strong></span> 
     </span>
     <span class='ocr_line' id='line_1_7' title="bbox 469 989 1942 1050; baseline 0.003 -13"><span class='ocrx_word' id='word_1_36' title='bbox 469 990 670 1037; x_wconf 81' lang='lat' dir='ltr'>maxime</span> <span class='ocrx_word' id='word_1_37' title='bbox 696 990 928 1050; x_wconf 82' lang='lat' dir='ltr'><strong>flagrabat</strong></span> <span class='ocrx_word' id='word_1_38' title='bbox 957 1004 967 1035; x_wconf 90' lang='lat'>:</span> <span class='ocrx_word' id='word_1_39' title='bbox 998 989 1176 1050; x_wconf 84' lang='lat' dir='ltr'><strong>quoties</strong></span> <span class='ocrx_word' id='word_1_40' title='bbox 1202 990 1258 1036; x_wconf 86' lang='lat' dir='ltr'><strong>ab</strong></span> <span class='ocrx_word' id='word_1_41' title='bbox 1290 989 1378 1036; x_wconf 89' lang='lat' dir='ltr'><strong>isto</strong></span> <span class='ocrx_word' id='word_1_42' title='bbox 1402 989 1659 1043; x_wconf 81' lang='lat' dir='ltr'><strong>delatorum</strong></span> <span class='ocrx_word' id='word_1_43' title='bbox 1695 997 1742 1039; x_wconf 88' lang='lat' dir='ltr'><strong>et</strong></span> <span class='ocrx_word' id='word_1_44' title='bbox 1779 993 1942 1041; x_wconf 81' lang='lat' dir='ltr'><strong>adula-</strong></span> 
     </span>
     <span class='ocr_line' id='line_1_8' title="bbox 468 1084 1944 1151; baseline 0.003 -19"><span class='ocrx_word' id='word_1_45' title='bbox 468 1091 621 1132; x_wconf 86' lang='lat' dir='ltr'><strong>torum</strong></span> <span class='ocrx_word' id='word_1_46' title='bbox 647 1090 878 1131; x_wconf 85' lang='lat' dir='ltr'><strong>conventu</strong></span> <span class='ocrx_word' id='word_1_47' title='bbox 906 1084 1165 1145; x_wconf 87' lang='lat' dir='ltr'><strong>postulavit</strong></span> <span class='ocrx_word' id='word_1_48' title='bbox 1191 1085 1402 1133; x_wconf 89' lang='lat' dir='ltr'><strong>Tiberius</strong></span> <span class='ocrx_word' id='word_1_49' title='bbox 1428 1102 1485 1133; x_wconf 89' lang='lat' dir='ltr'><strong>ne</strong></span> <span class='ocrx_word' id='word_1_50' title='bbox 1507 1088 1649 1135; x_wconf 86' lang='lat' dir='ltr'><strong>verba</strong></span> <span class='ocrx_word' id='word_1_51' title='bbox 1674 1088 1944 1151; x_wconf 87' lang='lat' dir='ltr'><strong>simpliciter</strong></span> 
     </span>
     <span class='ocr_line' id='line_1_9' title="bbox 469 1180 1943 1241; baseline 0.004 -15"><span class='ocrx_word' id='word_1_52' title='bbox 469 1182 518 1227; x_wconf 90' lang='lat' dir='ltr'><strong>in</strong></span> <span class='ocrx_word' id='word_1_53' title='bbox 549 1181 776 1227; x_wconf 82' lang='lat' dir='ltr'><strong>conviviis</strong></span> <span class='ocrx_word' id='word_1_54' title='bbox 797 1186 881 1227; x_wconf 86' lang='lat' dir='ltr'><strong>aut</strong></span> <span class='ocrx_word' id='word_1_55' title='bbox 905 1181 1028 1227; x_wconf 89' lang='lat' dir='ltr'><strong>inter</strong></span> <span class='ocrx_word' id='word_1_56' title='bbox 1053 1180 1307 1228; x_wconf 84' lang='lat' dir='ltr'><strong>familiares</strong></span> <span class='ocrx_word' id='word_1_57' title='bbox 1322 1180 1501 1241; x_wconf 85' lang='lat' dir='ltr'><strong>jactata</strong></span> <span class='ocrx_word' id='word_1_58' title='bbox 1524 1181 1575 1229; x_wconf 90' lang='lat' dir='ltr'><strong>in</strong></span> <span class='ocrx_word' id='word_1_59' title='bbox 1602 1183 1773 1231; x_wconf 85' lang='lat' dir='ltr'><strong>crimen</strong></span> <span class='ocrx_word' id='word_1_60' title='bbox 1791 1185 1943 1232; x_wconf 90' lang='lat' dir='ltr'><strong>detor-</strong></span> 
     </span>
     <span class='ocr_line' id='line_1_10' title="bbox 470 1277 1946 1342; baseline 0.004 -16"><span class='ocrx_word' id='word_1_61' title='bbox 470 1285 722 1341; x_wconf 88' lang='lat' dir='ltr'><strong>querentur</strong></span> <span class='ocrx_word' id='word_1_62' title='bbox 746 1278 754 1308; x_wconf 86' lang='lat'><strong>¹</strong></span> <span class='ocrx_word' id='word_1_63' title='bbox 777 1280 785 1324; x_wconf 89' lang='lat'>!</span> <span class='ocrx_word' id='word_1_64' title='bbox 830 1283 943 1340; x_wconf 90' lang='lat' dir='ltr'><strong>quot</strong></span> <span class='ocrx_word' id='word_1_65' title='bbox 967 1294 1067 1325; x_wconf 89' lang='lat' dir='ltr'><strong>reos</strong></span> <span class='ocrx_word' id='word_1_66' title='bbox 1091 1278 1186 1325; x_wconf 88' lang='lat' dir='ltr'><strong>illis</strong></span> <span class='ocrx_word' id='word_1_67' title='bbox 1209 1277 1449 1338; x_wconf 84' lang='lat' dir='ltr'><strong>subduxit,</strong></span> <span class='ocrx_word' id='word_1_68' title='bbox 1478 1295 1560 1342; x_wconf 91' lang='lat' dir='ltr'><strong>per</strong></span> <span class='ocrx_word' id='word_1_69' title='bbox 1584 1280 1860 1331; x_wconf 78' lang='lat' dir='ltr'><strong>dilationum</strong></span> <span class='ocrx_word' id='word_1_70' title='bbox 1885 1284 1946 1332; x_wconf 89' lang='lat' dir='ltr'><strong>le·</strong></span> 
     </span>
     <span class='ocr_line' id='line_1_11' title="bbox 470 1373 1944 1443; baseline 0.005 -22"><span class='ocrx_word' id='word_1_71' title='bbox 470 1391 571 1435; x_wconf 79' lang='lat' dir='ltr'><strong>gem</strong></span> <span class='ocrx_word' id='word_1_72' title='bbox 585 1373 605 1404; x_wconf 77' lang='lat'><strong>2</strong></span> <span class='ocrx_word' id='word_1_73' title='bbox 630 1390 770 1436; x_wconf 87' lang='lat' dir='ltr'><strong>quam</strong></span> <span class='ocrx_word' id='word_1_74' title='bbox 795 1374 891 1435; x_wconf 74' lang='lat' dir='ltr'><strong>ipse</strong></span> <span class='ocrx_word' id='word_1_75' title='bbox 917 1374 973 1420; x_wconf 92' lang='lat' dir='ltr'><strong>de</strong></span> <span class='ocrx_word' id='word_1_76' title='bbox 992 1374 1248 1421; x_wconf 87' lang='lat' dir='ltr'><strong>differenda</strong></span> <span class='ocrx_word' id='word_1_77' title='bbox 1267 1375 1314 1420; x_wconf 90' lang='lat' dir='ltr'><strong>in</strong></span> <span class='ocrx_word' id='word_1_78' title='bbox 1334 1374 1561 1424; x_wconf 91' lang='lat' dir='ltr'><strong>decimum</strong></span> <span class='ocrx_word' id='word_1_79' title='bbox 1579 1377 1700 1425; x_wconf 87' lang='lat' dir='ltr'><strong>diem</strong></span> <span class='ocrx_word' id='word_1_80' title='bbox 1722 1378 1944 1443; x_wconf 87' lang='lat' dir='ltr'><strong>cujusque</strong></span> 
     </span>
     <span class='ocr_line' id='line_1_12' title="bbox 470 1470 1943 1538; baseline 0.004 -20"><span class='ocrx_word' id='word_1_81' title='bbox 470 1471 680 1518; x_wconf 84' lang='lat' dir='ltr'><strong>damnati</strong></span> <span class='ocrx_word' id='word_1_82' title='bbox 708 1475 852 1516; x_wconf 91' lang='lat' dir='ltr'><strong>morte</strong></span> <span class='ocrx_word' id='word_1_83' title='bbox 879 1470 1154 1517; x_wconf 72' lang='lat' dir='ltr'><strong>sanxerat-3!</strong></span> <span class='ocrx_word' id='word_1_84' title='bbox 1192 1472 1356 1519; x_wconf 84' lang='lat' dir='ltr'><strong>Nonne</strong></span> <span class='ocrx_word' id='word_1_85' title='bbox 1387 1473 1618 1520; x_wconf 87' lang='lat' dir='ltr'><strong>confessus</strong></span> <span class='ocrx_word' id='word_1_86' title='bbox 1643 1480 1711 1521; x_wconf 86' lang='lat' dir='ltr'><strong>est</strong></span> <span class='ocrx_word' id='word_1_87' title='bbox 1733 1475 1831 1538; x_wconf 89' lang='lat' dir='ltr'><strong>ipse</strong></span> <span class='ocrx_word' id='word_1_88' title='bbox 1855 1477 1943 1524; x_wconf 84' lang='lat' dir='ltr'><strong>Ta-</strong></span> 
     </span>
     <span class='ocr_line' id='line_1_13' title="bbox 471 1567 1945 1636; baseline 0.005 -21"><span class='ocrx_word' id='word_1_89' title='bbox 471 1570 590 1615; x_wconf 86' lang='lat' dir='ltr'><strong>citus</strong></span> <span class='ocrx_word' id='word_1_90' title='bbox 616 1568 805 1614; x_wconf 86' lang='lat' dir='ltr'><strong>unicum</strong></span> <span class='ocrx_word' id='word_1_91' title='bbox 843 1573 957 1614; x_wconf 87' lang='lat' dir='ltr'><strong>tunc</strong></span> <span class='ocrx_word' id='word_1_92' title='bbox 979 1567 1230 1630; x_wconf 83' lang='lat' dir='ltr'><strong>suffugium</strong></span> <span class='ocrx_word' id='word_1_93' title='bbox 1262 1568 1404 1616; x_wconf 85' lang='lat' dir='ltr'><strong>fuisse</strong></span> <span class='ocrx_word' id='word_1_94' title='bbox 1426 1571 1625 1632; x_wconf 87' lang='lat' dir='ltr'><strong>opperiri</strong></span> <span class='ocrx_word' id='word_1_95' title='bbox 1649 1572 1945 1636; x_wconf 79' lang='lat' dir='ltr'><strong>Principem?</strong></span> 
     </span>
     <span class='ocr_line' id='line_1_14' title="bbox 471 1662 1947 1729; baseline 0.003 -18"><span class='ocrx_word' id='word_1_96' title='bbox 471 1666 574 1712; x_wconf 86' lang='lat' dir='ltr'><strong>Non</strong></span> <span class='ocrx_word' id='word_1_97' title='bbox 602 1663 739 1710; x_wconf 88' lang='lat' dir='ltr'><strong>semel</strong></span> <span class='ocrx_word' id='word_1_98' title='bbox 762 1663 811 1710; x_wconf 87' lang='lat' dir='ltr'><strong>in</strong></span> <span class='ocrx_word' id='word_1_99' title='bbox 845 1662 1107 1722; x_wconf 74' lang='lat' dir='ltr'><strong>Annalz&#39;buS,</strong></span> <span class='ocrx_word' id='word_1_100' title='bbox 1145 1665 1305 1711; x_wconf 88' lang='lat' dir='ltr'><strong>Patres</strong></span> <span class='ocrx_word' id='word_1_101' title='bbox 1330 1665 1585 1713; x_wconf 86' lang='lat' dir='ltr'><strong>audiuntur</strong></span> <span class='ocrx_word' id='word_1_102' title='bbox 1613 1667 1819 1715; x_wconf 88' lang='lat' dir='ltr'><strong>dolentes</strong></span> <span class='ocrx_word' id='word_1_103' title='bbox 1850 1669 1947 1729; x_wconf 85' lang='lat' dir='ltr'><strong>jus-</strong></span> 
     </span>
     <span class='ocr_line' id='line_1_15' title="bbox 472 1759 1944 1825; baseline 0.003 -17"><span class='ocrx_word' id='word_1_104' title='bbox 472 1763 626 1809; x_wconf 82' lang='lat' dir='ltr'><strong>titiam</strong></span> <span class='ocrx_word' id='word_1_105' title='bbox 653 1777 782 1808; x_wconf 84' lang='lat' dir='ltr'><strong>sua-m</strong></span> <span class='ocrx_word' id='word_1_106' title='bbox 813 1761 881 1823; x_wconf 64' lang='lat' dir='ltr'><strong>{ut</strong></span> <span class='ocrx_word' id='word_1_107' title='bbox 914 1759 964 1806; x_wconf 90' lang='lat' dir='ltr'><strong>id</strong></span> <span class='ocrx_word' id='word_1_108' title='bbox 987 1761 1218 1806; x_wconf 85' lang='lat' dir='ltr'><strong>vocabant</strong></span> <span class='ocrx_word' id='word_1_109' title='bbox 1235 1760 1265 1820; x_wconf 74' lang='lat'><strong>1)</strong></span> <span class='ocrx_word' id='word_1_110' title='bbox 1306 1777 1333 1807; x_wconf 89' lang='lat' dir='ltr'><strong>a</strong></span> <span class='ocrx_word' id='word_1_111' title='bbox 1356 1762 1571 1825; x_wconf 87' lang='lat' dir='ltr'><strong>Principe</strong></span> <span class='ocrx_word' id='word_1_112' title='bbox 1597 1764 1815 1812; x_wconf 63' lang='lat' dir='ltr'><strong>attineri⁴</strong></span> <span class='ocrx_word' id='word_1_113' title='bbox 1839 1781 1852 1823; x_wconf 85' lang='lat'>;</span> <span class='ocrx_word' id='word_1_114' title='bbox 1895 1766 1944 1813; x_wconf 91' lang='lat' dir='ltr'><strong>hi</strong></span> 
     </span>
     <span class='ocr_line' id='line_1_16' title="bbox 472 1856 1940 1921; baseline 0.003 -16"><span class='ocrx_word' id='word_1_115' title='bbox 472 1859 704 1921; x_wconf 86' lang='lat' dir='ltr'><strong>permulta</strong></span> <span class='ocrx_word' id='word_1_116' title='bbox 728 1857 952 1915; x_wconf 82' lang='lat' dir='ltr'><strong>facinora,</strong></span> <span class='ocrx_word' id='word_1_117' title='bbox 983 1857 1050 1903; x_wconf 85' lang='lat' dir='ltr'><strong>nil</strong></span> <span class='ocrx_word' id='word_1_118' title='bbox 1071 1856 1265 1916; x_wconf 86' lang='lat' dir='ltr'><strong>jubente</strong></span> <span class='ocrx_word' id='word_1_119' title='bbox 1290 1857 1388 1917; x_wconf 88' lang='lat' dir='ltr'><strong>illo,</strong></span> <span class='ocrx_word' id='word_1_120' title='bbox 1413 1858 1503 1906; x_wconf 90' lang='lat' dir='ltr'><strong>imo</strong></span> <span class='ocrx_word' id='word_1_121' title='bbox 1521 1861 1676 1908; x_wconf 84' lang='lat' dir='ltr'><strong>omnia</strong></span> <span class='ocrx_word' id='word_1_122' title='bbox 1694 1862 1940 1921; x_wconf 85' lang='lat' dir='ltr'><strong>nesciente,</strong></span> 
     </span>
     <span class='ocr_line' id='line_1_17' title="bbox 471 1955 1944 2018; baseline 0.001 -15"><span class='ocrx_word' id='word_1_123' title='bbox 471 1956 640 2018; x_wconf 78' lang='lat' dir='ltr'><strong>raptim</strong></span> <span class='ocrx_word' id='word_1_124' title='bbox 681 1959 1068 2016; x_wconf 82' lang='lat' dir='ltr'><strong>perpetraverunt</strong></span> <span class='ocrx_word' id='word_1_125' title='bbox 1097 1969 1106 2000; x_wconf 76' lang='grc' dir='ltr'>ε</span> <span class='ocrx_word' id='word_1_126' title='bbox 1137 1955 1202 2001; x_wconf 89' lang='lat' dir='ltr'><strong>sic</strong></span> <span class='ocrx_word' id='word_1_127' title='bbox 1237 1955 1530 2003; x_wconf 81' lang='lat' dir='ltr'><strong>exanimatus</strong></span> <span class='ocrx_word' id='word_1_128' title='bbox 1569 1956 1619 2003; x_wconf 90' lang='lat' dir='ltr'><strong>in</strong></span> <span class='ocrx_word' id='word_1_129' title='bbox 1655 1973 1835 2006; x_wconf 86' lang='lat' dir='ltr'><strong>carcere</strong></span> <span class='ocrx_word' id='word_1_130' title='bbox 1889 1959 1944 2005; x_wconf 92' lang='lat' dir='ltr'><strong>ob</strong></span> 
     </span>
     <span class='ocr_line' id='line_1_18' title="bbox 475 2051 1945 2115; baseline 0.003 -16"><span class='ocrx_word' id='word_1_131' title='bbox 475 2052 893 2115; x_wconf 80' lang='lat' dir='ltr'><strong>vaniloquentiam,</strong></span> <span class='ocrx_word' id='word_1_132' title='bbox 918 2052 1138 2098; x_wconf 88' lang='lat' dir='ltr'><strong>Lutorius</strong></span> <span class='ocrx_word' id='word_1_133' title='bbox 1152 2051 1187 2098; x_wconf 79' lang='lat'><strong>5.</strong></span> <span class='ocrx_word' id='word_1_134' title='bbox 1210 2053 1300 2098; x_wconf 90' lang='lat' dir='ltr'><strong>Hic</strong></span> <span class='ocrx_word' id='word_1_135' title='bbox 1321 2058 1474 2100; x_wconf 90' lang='lat' dir='ltr'><strong>autem</strong></span> <span class='ocrx_word' id='word_1_136' title='bbox 1487 2053 1945 2104; x_wconf 87' lang='lat' dir='ltr'><strong>animadvertendum</strong></span> 
     </span>
     <span class='ocr_line' id='line_1_19' title="bbox 478 2130 1947 2200; baseline 0.001 -1"><span class='ocrx_word' id='word_1_137' title='bbox 478 2156 689 2199; x_wconf 82' lang='lat' dir='ltr'><strong>accurate</strong></span> <span class='ocrx_word' id='word_1_138' title='bbox 728 2150 940 2196; x_wconf 79' lang='lat' dir='ltr'><strong>existimo</strong></span> <span class='ocrx_word' id='word_1_139' title='bbox 981 2149 1094 2195; x_wconf 87' lang='lat' dir='ltr'><strong>duos</strong></span> <span class='ocrx_word' id='word_1_140' title='bbox 1132 2130 1460 2196; x_wconf 82' lang='lat' dir='ltr'><strong>tandummodo</strong></span> <span class='ocrx_word' id='word_1_141' title='bbox 1503 2152 1731 2199; x_wconf 83' lang='lat' dir='ltr'><strong>exstitisse</strong></span> <span class='ocrx_word' id='word_1_142' title='bbox 1768 2153 1947 2200; x_wconf 90' lang='lat' dir='ltr'><strong>Lutorii</strong></span> 
     </span>
     <span class='ocr_line' id='line_1_20' title="bbox 477 2245 1995 2311; baseline 0.003 -18"><span class='ocrx_word' id='word_1_143' title='bbox 477 2250 752 2303; x_wconf 72' lang='lat' dir='ltr'><strong>defensores,</strong></span> <span class='ocrx_word' id='word_1_144' title='bbox 796 2261 957 2307; x_wconf 86' lang='lat' dir='ltr'><strong>nempe</strong></span> <span class='ocrx_word' id='word_1_145' title='bbox 995 2245 1259 2292; x_wconf 86' lang='lat' dir='ltr'><strong>Rubellium</strong></span> <span class='ocrx_word' id='word_1_146' title='bbox 1295 2246 1543 2306; x_wconf 86' lang='lat' dir='ltr'><strong>Blandum,</strong></span> <span class='ocrx_word' id='word_1_147' title='bbox 1581 2248 1808 2311; x_wconf 87' lang='lat' dir='ltr'><strong>Principis</strong></span> <span class='ocrx_word' id='word_1_148' title='bbox 1841 2266 1947 2298; x_wconf 85' lang='lat' dir='ltr'><strong>mox</strong></span> <span class='ocrx_word' id='word_1_149' title='bbox 1992 2286 1995 2287; x_wconf 21' lang='grc' dir='ltr'><em>ν</em></span> 
     </span>
     <span class='ocr_line' id='line_1_21' title="bbox 477 2343 1942 2407; baseline 0.003 -16"><span class='ocrx_word' id='word_1_150' title='bbox 477 2360 779 2407; x_wconf 80' lang='lat' dir='ltr'><strong>progenerum</strong></span> <span class='ocrx_word' id='word_1_151' title='bbox 809 2344 855 2401; x_wconf 78' lang='lat'><strong>⁶,</strong></span> <span class='ocrx_word' id='word_1_152' title='bbox 913 2343 1255 2405; x_wconf 84' lang='lat' dir='ltr'><strong>Lepidumque,</strong></span> <span class='ocrx_word' id='word_1_153' title='bbox 1322 2343 1502 2391; x_wconf 83' lang='lat' dir='ltr'><strong>Tiberio</strong></span> <span class='ocrx_word' id='word_1_154' title='bbox 1550 2346 1913 2407; x_wconf 85' lang='lat' dir='ltr'><strong>acceptissimum</strong></span> <span class='ocrx_word' id='word_1_155' title='bbox 1929 2385 1942 2406; x_wconf 87' lang='lat'><em>,</em></span> 
     </span>
     <span class='ocr_line' id='line_1_22' title="bbox 480 2439 1712 2504; baseline 0 -16"><span class='ocrx_word' id='word_1_156' title='bbox 480 2442 603 2504; x_wconf 80' lang='lat' dir='ltr'><strong>apud</strong></span> <span class='ocrx_word' id='word_1_157' title='bbox 628 2456 764 2503; x_wconf 84' lang='lat' dir='ltr'><strong>quem</strong></span> <span class='ocrx_word' id='word_1_158' title='bbox 789 2439 1006 2502; x_wconf 63' lang='lat' dir='ltr'><strong>aequabili</strong></span> <span class='ocrx_word' id='word_1_159' title='bbox 1046 2439 1320 2487; x_wconf 81' lang='lat' dir='ltr'><strong>auctoritate</strong></span> <span class='ocrx_word' id='word_1_160' title='bbox 1346 2440 1428 2488; x_wconf 92' lang='lat' dir='ltr'><strong>diu</strong></span> <span class='ocrx_word' id='word_1_161' title='bbox 1451 2441 1661 2488; x_wconf 80' lang='lat' dir='ltr'><strong>floruerit</strong></span> <span class='ocrx_word' id='word_1_162' title='bbox 1678 2441 1712 2488; x_wconf 82' lang='lat'><strong>⁷.</strong></span> 
     </span>
    </p>
   </div>
   <div class='ocr_carea' id='block_1_4' title="bbox 545 2535 1947 2601">
    <p class='ocr_par' dir='ltr' id='par_1_4' title="bbox 545 2535 1947 2601">
     <span class='ocr_line' id='line_1_23' title="bbox 545 2535 1947 2601; baseline 0.003 -17"><span class='ocrx_word' id='word_1_163' title='bbox 545 2539 619 2585; x_wconf 68' lang='lat' dir='ltr'><strong>Sic</strong></span> <span class='ocrx_word' id='word_1_164' title='bbox 644 2538 871 2595; x_wconf 73' lang='lat' dir='ltr'><strong>damnati,</strong></span> <span class='ocrx_word' id='word_1_165' title='bbox 911 2537 968 2582; x_wconf 91' lang='lat' dir='ltr'><strong>ob</strong></span> <span class='ocrx_word' id='word_1_166' title='bbox 1007 2535 1259 2583; x_wconf 82' lang='lat' dir='ltr'><strong>amicitiam</strong></span> <span class='ocrx_word' id='word_1_167' title='bbox 1308 2535 1485 2597; x_wconf 74' lang='lat' dir='ltr'><strong>SejanI,</strong></span> <span class='ocrx_word' id='word_1_168' title='bbox 1520 2538 1728 2601; x_wconf 88' lang='lat' dir='ltr'><strong>plerique</strong></span> <span class='ocrx_word' id='word_1_169' title='bbox 1760 2554 1816 2587; x_wconf 86' lang='lat' dir='ltr'><strong>ex</strong></span> <span class='ocrx_word' id='word_1_170' title='bbox 1853 2540 1947 2588; x_wconf 82' lang='lat' dir='ltr'><strong>illis</strong></span> 
     </span>
    </p>
   </div>
   <div class='ocr_carea' id='block_1_5' title="bbox 481 2728 1698 2994">
    <p class='ocr_par' dir='ltr' id='par_1_5' title="bbox 537 2728 1698 2782">
     <span class='ocr_line' id='line_1_24' title="bbox 537 2728 1698 2782; baseline 0.002 -13"><span class='ocrx_word' id='word_1_171' title='bbox 537 2731 544 2750; x_wconf 92' lang='lat'>&#39;</span> <span class='ocrx_word' id='word_1_172' title='bbox 564 2730 664 2769; x_wconf 87' lang='lat' dir='ltr'><strong>Ann.</strong></span> <span class='ocrx_word' id='word_1_173' title='bbox 684 2729 750 2779; x_wconf 76' lang='lat' dir='ltr'><strong>vl,</strong></span> <span class='ocrx_word' id='word_1_174' title='bbox 772 2728 808 2768; x_wconf 89' lang='lat'><strong>5.</strong></span> <span class='ocrx_word' id='word_1_175' title='bbox 1302 2729 1316 2750; x_wconf 80' lang='lat'>⁴</span> <span class='ocrx_word' id='word_1_176' title='bbox 1338 2730 1438 2771; x_wconf 86' lang='lat' dir='ltr'><strong>Ann.</strong></span> <span class='ocrx_word' id='word_1_177' title='bbox 1460 2731 1523 2780; x_wconf 87' lang='lat'><em>111,</em></span> <span class='ocrx_word' id='word_1_178' title='bbox 1543 2729 1609 2780; x_wconf 85' lang='lat'><strong>65,</strong></span> <span class='ocrx_word' id='word_1_179' title='bbox 1635 2744 1698 2782; x_wconf 88' lang='lat'><strong>70.</strong></span> 
     </span>
    </p>

    <p class='ocr_par' dir='ltr' id='par_1_6' title="bbox 535 2799 1488 2853">
     <span class='ocr_line' id='line_1_25' title="bbox 535 2799 1488 2853; baseline 0 -15"><span class='ocrx_word' id='word_1_180' title='bbox 535 2800 548 2820; x_wconf 87' lang='lat'>²</span> <span class='ocrx_word' id='word_1_181' title='bbox 569 2800 634 2848; x_wconf 75' lang='lat' dir='ltr'><strong>vl,</strong></span> <span class='ocrx_word' id='word_1_182' title='bbox 653 2812 699 2852; x_wconf 80' lang='lat'><strong>93</strong></span> <span class='ocrx_word' id='word_1_183' title='bbox 720 2800 785 2849; x_wconf 78' lang='lat' dir='ltr'><strong>lv,</strong></span> <span class='ocrx_word' id='word_1_184' title='bbox 804 2799 868 2839; x_wconf 85' lang='lat'><strong>66.</strong></span> <span class='ocrx_word' id='word_1_185' title='bbox 1306 2801 1319 2821; x_wconf 87' lang='lat'>⁵</span> <span class='ocrx_word' id='word_1_186' title='bbox 1341 2800 1405 2850; x_wconf 86' lang='lat'>111,</span> <span class='ocrx_word' id='word_1_187' title='bbox 1424 2799 1488 2853; x_wconf 80' lang='grc'><strong>49.</strong></span> 
     </span>
    </p>

    <p class='ocr_par' dir='ltr' id='par_1_7' title="bbox 481 2871 1570 2994">
     <span class='ocr_line' id='line_1_26' title="bbox 534 2871 1570 2923; baseline 0.002 -14"><span class='ocrx_word' id='word_1_188' title='bbox 534 2871 548 2890; x_wconf 83' lang='lat'><strong>⁸</strong></span> <span class='ocrx_word' id='word_1_189' title='bbox 571 2871 679 2910; x_wconf 83' lang='lat' dir='ltr'><strong>Suet.</strong></span> <span class='ocrx_word' id='word_1_190' title='bbox 704 2871 856 2910; x_wconf 68' lang='lat' dir='ltr'>LXXV.</span> <span class='ocrx_word' id='word_1_191' title='bbox 885 2894 934 2900; x_wconf 80' lang='lat'>-</span> <span class='ocrx_word' id='word_1_192' title='bbox 961 2871 1035 2911; x_wconf 88' lang='lat' dir='ltr'><strong>Dio</strong></span> <span class='ocrx_word' id='word_1_193' title='bbox 1064 2874 1173 2911; x_wconf 62' lang='lat' dir='ltr'><strong>(lass.</strong></span> <span class='ocrx_word' id='word_1_194' title='bbox 1302 2873 1315 2892; x_wconf 80' lang='lat'><strong>⁶</strong></span> <span class='ocrx_word' id='word_1_195' title='bbox 1338 2872 1401 2920; x_wconf 70' lang='lat' dir='ltr'><strong>VI,</strong></span> <span class='ocrx_word' id='word_1_196' title='bbox 1422 2884 1486 2923; x_wconf 75' lang='lat'><strong>27,</strong></span> <span class='ocrx_word' id='word_1_197' title='bbox 1508 2871 1570 2921; x_wconf 52' lang='lat'><strong>55.</strong></span> 
     </span>
     <span class='ocr_line' id='line_1_27' title="bbox 481 2941 1482 2994; baseline 0 -13"><span class='ocrx_word' id='word_1_198' title='bbox 481 2941 595 2988; x_wconf 74' lang='lat' dir='ltr'><strong>Lvu,</strong></span> <span class='ocrx_word' id='word_1_199' title='bbox 622 2954 691 2988; x_wconf 76' lang='lat'><strong>203</strong></span> <span class='ocrx_word' id='word_1_200' title='bbox 711 2941 809 2980; x_wconf 81' lang='lat' dir='ltr'><strong>Anu.</strong></span> <span class='ocrx_word' id='word_1_201' title='bbox 834 2941 897 2991; x_wconf 78' lang='lat' dir='ltr'><strong>vl,</strong></span> <span class='ocrx_word' id='word_1_202' title='bbox 918 2954 963 2994; x_wconf 78' lang='lat'><strong>93</strong></span> <span class='ocrx_word' id='word_1_203' title='bbox 987 2942 1052 2991; x_wconf 70' lang='lat' dir='ltr'><strong>lv,</strong></span> <span class='ocrx_word' id='word_1_204' title='bbox 1071 2942 1136 2982; x_wconf 76' lang='lat'><strong>66.</strong></span> <span class='ocrx_word' id='word_1_205' title='bbox 1248 2960 1250 2963; x_wconf 95' lang='lat'>·</span> <span class='ocrx_word' id='word_1_206' title='bbox 1300 2943 1311 2962; x_wconf 96' lang='lat'>⁷</span> <span class='ocrx_word' id='word_1_207' title='bbox 1334 2943 1398 2991; x_wconf 76' lang='lat' dir='ltr'><strong>IV,</strong></span> <span class='ocrx_word' id='word_1_208' title='bbox 1420 2955 1482 2981; x_wconf 84' lang='lat'><strong>20.</strong></span> 
     </span>
    </p>
   </div>
  </div>
 </body>
</html>
