2118 3308
515 335 570 363 22
1114 331 1172 362 DE
1206 330 1367 364 TAclTo

515 437 660 485 natos,
691 436 736 473 et
760 427 841 472 illo
868 424 1125 483 incusante,
1167 428 1280 474 duos
1305 444 1362 476 ex
1387 429 1481 475 illis
1504 430 1817 492 Optimatibus
1844 431 1985 477 histo-

512 525 606 570 rico
642 529 795 569 nostro
836 524 1112 583 gratissimis
1131 561 1144 581 ,
1189 524 1448 586 Caepionem
1492 543 1545 573 ac
1586 528 1859 585 Muraenam,
1907 527 1986 590 qui

515 622 776 680 Augustum
807 620 1041 667 trucidare
1080 622 1281 681 aggressi
1319 621 1474 669 erant'
1498 638 1507 669 ε
1554 623 1630 669 sed
1672 639 1773 670 eam
1814 623 1986 670 Tiberii

515 733 717 778 operam,
743 721 798 762 ut
820 716 979 762 Tacito
1005 717 1200 763 fortasse
1225 733 1317 764 non
1342 723 1591 779 acceptam,
1620 719 1690 766 ita
1709 736 1800 766 non
1823 719 1987 781 impro-

516 817 672 859 batam
697 812 926 874 plerisque
965 812 1144 858 civibus
1168 818 1342 874 putem,
1388 813 1468 875 qui
1494 815 1724 876 publicam
1765 816 1984 862 securita-

515 916 622 967 tem,
646 925 738 956 uno
762 908 1073 970 imperitante,
1104 925 1245 970 quam
1268 927 1290 954 «
1313 909 1544 957 libertatis
1559 911 1690 957 illam
1714 910 1985 972 appellatio-

520 1026 542 1051 «
569 1023 690 1065 nom,
727 1006 825 1053 sine
864 1021 1049 1067 corpore
1087 1021 1138 1052 ac
1181 1005 1380 1068 specie,²
1403 1024 1424 1051 »
1469 1007 1628 1054 multis
1666 1007 1982 1066 turbantibus,

516 1105 766 1151 malebant.

581 1200 734 1247 Armis
770 1216 876 1247 vero
920 1216 1148 1247 successor
1187 1201 1386 1262 Augusti
1435 1201 1546 1248 adeo
1591 1201 1893 1261 inclaruerat,
1938 1210 1991 1250 ut

517 1313 621 1343 eum
665 1315 686 1340 «
715 1301 972 1358 spectatum
996 1297 1117 1342 bello
1147 1314 1168 1341 »
1213 1297 1401 1344 Tacitus
1426 1313 1594 1359 negare
1620 1314 1710 1345 non
1733 1299 1935 1361 potuerit
1948 1298 1984 1356 5,

519 1395 596 1441 sed
634 1394 883 1440 militarem
917 1392 1049 1439 illam
1073 1393 1259 1439 laudem
1298 1393 1713 1458 callidedestruit:
1761 1400 1843 1442 aut
1867 1395 1990 1442 enim

519 1491 708 1537 Asinius
731 1483 904 1536 Gallus⁴
920 1491 976 1536 ab
996 1506 1047 1536 eo
1067 1489 1322 1548 inducitur,
1351 1489 1400 1536 in
1423 1495 1605 1550 senatu,
1651 1507 1731 1554 per
1759 1493 1990 1539 adulatio-

522 1604 640 1646 nem,
670 1587 904 1634 Tiberium
926 1587 1224 1633 victoriarum
1244 1603 1431 1634 suarum
1453 1587 1727 1635 admonens⁴
1752 1605 1764 1647 3
1797 1595 1878 1636 aut
1895 1591 1991 1652 ipse

519 1685 738 1746 Princeps
760 1700 843 1730 sua
859 1683 916 1730 in
942 1684 1230 1745 profligando
1255 1684 1370 1731 duce
1391 1685 1660 1743 Suevorum,
1687 1686 1988 1746 Maroboduo,

521 1780 714 1826 consilia
740 1779 956 1827 efferens5
978 1796 991 1838 3
1035 1780 1104 1827 ita
1127 1785 1182 1826 ut
1206 1780 1359 1827 minus
1395 1782 1567 1828 Tiberii
1603 1783 1780 1829 bellicae
1807 1785 1992 1845 agnosci

523 1877 719 1923 virtutes
735 1875 984 1922 videantur
1002 1891 1142 1938 quam
1163 1876 1432 1937 arrogantia
1451 1877 1689 1924 ostentari.
1710 1878 1797 1925 Ille
1816 1883 1990 1936 tamen,

524 1973 743 2020 Armenia
767 1977 952 2034 pacata,
989 1972 1142 2019 Crassi
1166 1974 1362 2035 receptis
1384 1973 1543 2034 signis,
1572 1980 1778 2036 protecta
1803 1975 1852 2022 in
1880 1976 1993 2022 Bar-

522 2073 739 2117 barorum
777 2069 988 2116 incursus
1014 2068 1186 2128 Gallia,
1235 2069 1436 2116 subactis
1463 2070 1651 2131 Alpium
1677 2076 1723 2117 et
1747 2059 1994 2119 Dalmatiae

523 2169 755 2229 gentibuS,
800 2167 1034 2214 collocatis
1058 2167 1166 2214 dein
1193 2168 1251 2214 ad
1276 2168 1486 2214 Rhenum
1512 2168 1826 2230 quadraginta
1851 2169 1993 2216 milli-

523 2266 609 2310 bus
635 2262 982 2321 Geimanorum,
1006 2279 1148 2324 quum
1164 2262 1263 2322 jam
1286 2263 1475 2310 summis
1500 2263 1666 2325 prioris
1690 2265 1778 2311 aevi
1797 2265 1996 2326 Impera-

526 2360 718 2418 toribus,
748 2359 953 2406 omnium
971 2359 1200 2421 opinione,
1230 2364 1507 2421 aequaretur,
1525 2376 1630 2406 mox
1651 2361 1795 2407 totius
1812 2362 1994 2407 Panno-

528 2457 613 2503 niae
638 2455 847 2517 populos,
871 2455 981 2512 situ,
1005 2453 1269 2514 juventutis
1294 2455 1611 2513 multitudine,
1635 2456 1836 2503 militum
1856 2457 1995 2504 etiam

527 2552 789 2614 disciplina,
817 2551 1149 2609 formidandos,
1189 2567 1241 2597 ac
1264 2551 1542 2598 rebellantes
1567 2567 1670 2598 cum
1701 2552 1882 2614 ingenti
1908 2554 1996 2600 Ro-

528 2664 767 2695 manorum
792 2653 918 2694 metu
945 2663 1090 2709 nuper
1117 2647 1324 2693 Variana
1345 2647 1475 2693 clade
1508 2647 1839 2709 perculsorum,
1861 2649 1999 2696 trien-

588 2812 596 2831 '
621 2810 798 2851 Suetonii
827 2808 1012 2857 Tiberius,
1033 2810 1133 2848 Ylll.
1356 2807 1368 2827 ⁴
1391 2807 1489 2846 Anu.
1512 2808 1537 2851 Ι,
1567 2822 1623 2846 12.

585 2883 596 2901 '·'
616 2884 659 2920 A.
679 2882 712 2920 J.
735 2883 888 2920 Caesarc
906 2880 1064 2920 ‹lit-tum.
1358 2879 1370 2897 ⁵
1393 2878 1488 2916 ⁴Xan.
1511 2878 1553 2925 ΙΙ,
1577 2878 1638 2918 26,
1658 2878 1721 2918 «33.

586 2953 599 2971 ⁵
621 2952 717 2991 Anu.
741 2952 765 2998 l,
787 2948 841 3008 i
