2118 3308
500 313 549 356 18
1087 321 1145 356 me
1178 323 1337 356 morra

491 415 566 452 tur
589 407 889 452 cadaveribus
920 383 1063 452 Urbis
1076 406 1192 461 viam
1241 405 1468 465 abripitur
1497 405 1721 463 (lomibuS,
1768 407 1944 452 abstra-

491 502 619 547 hitur
661 502 717 547 ad
756 518 870 547 saxa
907 502 1187 563 Caprearum
1226 513 1273 548 et
1310 502 1450 548 maris
1489 502 1783 549 solitudinem
1807 503 1950 564 pubes

492 599 706 658 ingenua,
738 598 907 659 stupris
929 597 1179 659 polluenda
1204 597 1426 645 senilibus
1449 614 1459 645 :
1505 614 1601 645 una
1622 604 1778 645 tamen
1803 597 1951 660 queri-

489 699 565 738 tur
591 699 737 739 mater
761 695 770 739 !
794 694 933 740 silent
951 694 1065 740 viril
1089 694 1345 755 quinetiam
1363 695 1484 741 vires
1502 696 1709 742 saevienti
1735 694 1914 741 addunt
1937 695 1946 740 l

491 789 642 845 Quum
670 789 869 851 aliquem
894 806 1045 852 speres
1065 790 1152 837 sibi
1178 791 1459 852 caeterisque,
1490 806 1598 838 nece
1616 791 1804 847 Tiberii,
1842 796 1948 837 tan-

489 885 592 932 dem
620 886 955 945 consulturum,
993 894 1185 934 sumunt
1208 888 1392 949 quidem
1419 888 1612 934 Romani
1637 888 1829 950 gladios,
1872 887 1949 935 sed

486 982 825 1030 interfectorem
869 999 1002 1030 suum
1057 984 1273 1045 stipaturi
1302 1021 1314 1041 ‚
1361 989 1621 1045 pestemque
1656 999 1785 1031 suam
1827 984 1950 1030 ultro

486 1081 763 1141 protecturi!
1844 1066 1849 1070 ¹

550 1177 734 1237 Ecquis,
766 1192 891 1237 rogo,
918 1176 1035 1222 talia
1060 1175 1246 1238 quosvis
1270 1191 1351 1238 per
1368 1177 1565 1224 Annales
1595 1177 1767 1238 legens,
1805 1176 1948 1223 histo—

487 1274 577 1319 rico
615 1273 690 1319 vel
733 1273 1105 1333 eloquentissimo
1149 1272 1303 1319 statim
1342 1289 1431 1319 non
1468 1273 1686 1319 diffidat?
1732 1274 1950 1320 Ullumne

487 1386 691 1431 unquam
732 1370 953 1430 populum
980 1370 1069 1415 huc
1099 1370 1373 1427 tolerantiae,
1411 1370 1502 1415 imo
1525 1370 1732 1427 insaniae,
1773 1370 1951 1416 descen-

485 1467 604 1513 disse
624 1467 647 1511 ⁶?
692 1467 838 1512 ullum
865 1483 911 1514 se
958 1467 1232 1512 catervatim
1270 1466 1598 1512 trucidandum
1636 1467 1758 1512 ultro
1796 1466 1950 1527 prodi-

484 1563 602 1609 disse
619 1563 641 1607 ?
665 1562 759 1608 Hie
780 1563 1045 1609 tristissima
1068 1578 1258 1624 quaeque
1283 1563 1338 1609 de
1362 1557 1503 1610 insi'ta
1534 1563 1795 1609 hominibus
1819 1563 1951 1623 igna-

485 1660 579 1718 via,
615 1660 670 1705 de
693 1659 809 1706 faedo
836 1665 882 1706 et
923 1659 1156 1706 interdum
1191 1659 1548 1706 inexsaturabili
1585 1660 1762 1706 servitii
1801 1675 1951 1706 amore

476 1755 656 1815 jactent
680 1756 752 1801 illi
778 1756 947 1817 quibus
982 1771 1210 1802 sermones
1250 1756 1335 1801 hoc
1357 1736 1501 1816 genus
1526 1755 1651 1802 cordi
1675 1761 1783 1802 sunt
1803 1771 1816 1812 3
1862 1756 1952 1801 Ita-

482 1853 631 1899 lorum
656 1853 706 1899 in
732 1853 892 1915 primis
919 1853 1111 1910 animos,
1138 1858 1192 1899 ut
1211 1856 1380 1899 natura
1401 1853 1574 1900 alacres
1596 1859 1643 1899 et
1661 1853 1718 1899 ad
1737 1851 1952 1914 quaelibet

482 1949 858 2011 promptissimos,
888 1949 957 1995 ita
990 1949 1220 1996 molliores
1252 1949 1515 2010 debilesque
1557 1954 1908 1996 commemorent
1931 1962 1944 2007 ;

484 2046 686 2091 nondum
713 2045 924 2107 equidem
943 2051 1210 2092 caeterorum
1234 2024 1472 2091 hominum
1499 2045 1610 2092 adeo
1636 2059 1835 2107 spernax
1859 2044 1950 2090 fac-

481 2146 556 2187 tus
579 2157 695 2201 sum,
742 2148 795 2187 ut
819 2147 914 2187 tam
941 2142 1194 2202 gratuitam
1233 2142 1550 2202 ignominiam,
1588 2148 1684 2188 tam
1716 2141 1945 2203 stupidam

480 2239 603 2284 inter
638 2239 827 2285 saeviora
851 2238 901 2283 in
927 2238 1023 2285 dies
1049 2243 1095 2285 et
1138 2239 1328 2285 faediora
1352 2239 1585 2296 inertiam,
1616 2239 1813 2300 denique
1851 2243 1945 2305 tam

478 2334 806 2395 inexplebilem
846 2334 1166 2380 calamitatum
1209 2339 1255 2379 et
1300 2333 1530 2394 opprobrii
1574 2333 1695 2380 sitim
1738 2334 1944 2379 evaleam

480 2431 641 2476 saltem
673 2430 948 2489 intelligere.
988 2430 1101 2476 Inde
1124 2430 1175 2475 fit
1208 2436 1262 2475 ut
1287 2430 1510 2491 suspicari
1535 2445 1670 2491 cogar
1706 2431 1852 2476 multa
1888 2432 1944 2476 ab

479 2529 694 2575 historico
718 2527 1028 2585 dissimulata,
1057 2527 1193 2588 plura
1220 2533 1478 2585 attenuata,
1506 2543 1606 2588 quae
1632 2533 1699 2573 tot
1724 2524 1940 2574 scelerum

479 2630 665 2685 tamque
706 2622 905 2668 inauditi
933 2621 1137 2682 obsequii
1166 2636 1256 2667 non
1273 2621 1373 2667 dico
1393 2622 1726 2674 excusationes,
1758 2629 1806 2669 at
1823 2629 1942 2670 certe

477 2736 655 2777 causas,
687 2719 968 2764 attulissent.

542 2818 666 2874 Quas
691 2822 743 2861 ut
769 2829 1080 2875 assequamur,
1102 2814 1139 2859 si
1157 2815 1344 2875 propius
1356 2814 1455 2875 jam
1476 2815 1719 2863 Annalium
1745 2815 1935 2863 formam

475 2922 519 2959 et
546 2913 778 2974 script-oris
806 2917 925 2956 artes
951 2910 1244 2970 inspexerim,
1275 2912 1308 2956 si
1340 2912 1394 2957 ad
1425 2919 1629 2958 auctores
1654 2914 1933 2973 confugerim
