2118 3308
24 331 26 333 -
0 0 41 325 ==-·23}23224†JW

778 288 916 321 cmc-x
952 289 1184 322 Tufflmmr
1677 277 1734 338 87

237 389 310 436 nis
343 388 543 450 gradum
569 387 777 448 dejectus
814 388 1040 437 devenit:
1079 376 1172 437 liuc
1198 406 1308 438 vero
1344 408 1434 439 non
1469 390 1737 438 voluntario

233 486 434 546 delectu,
470 501 562 533 non
587 491 714 533 certo
749 485 932 549 pridem
958 487 1169 548 consilio,
1201 488 1280 536 sed
1303 489 1509 553 primum
1548 488 1622 552 (ut
1646 489 1740 552 ple-

233 602 430 650 rumque
453 584 553 633 fieri
591 585 748 649 solet),
787 585 987 646 invitus,
1026 602 1145 649 pene
1170 593 1359 636 coactus
1397 594 1445 636 et
1499 588 1739 636 interdum

234 686 488 745 reluctanS,
508 684 787 732 manifestus
805 690 876 732 est
900 685 1135 748 paulatim
1152 682 1460 735 descendisse.

299 877 395 924 Nec
420 875 523 923 ideo
561 875 778 938 scriptori
818 873 961 936 hujus
986 873 1093 933 aevi,
1137 873 1262 920 inter
1301 872 1591 920 doctissimos
1632 873 1741 920 Ala-

235 975 436 1024 manniae
458 974 643 1022 criticos
667 974 872 1034 florenti,
899 972 1174 1020 assenserim
1190 970 1223 1031 ¹,
1255 971 1336 1034 qui
1361 971 1738 1019 scelestissimum

233 1074 497 1136 Principem
523 1072 755 1135 singulari
790 1071 995 1135 quadam
1037 1075 1084 1117 et
1110 1069 1339 1117 hactenus
1361 1069 1582 1116 inaudita
1618 1070 1740 1117 cari-

232 1177 329 1219 tate
354 1170 638 1233 complexus,
669 1171 794 1218 cives
820 1175 1009 1218 necatos
1039 1185 1066 1215 a
1104 1168 1406 1216 dilectissimo
1443 1168 1526 1215 illo
1558 1168 1740 1216 Caesare

232 1271 356 1319 ultro
381 1269 618 1332 objurgat,
643 1270 767 1333 quod
789 1269 981 1317 rectoris
1008 1273 1183 1316 natura
1205 1268 1400 1330 benigni
1423 1284 1477 1316 ac
1497 1268 1740 1316 clementis

232 1369 379 1416 vitam
400 1368 632 1431 trepidam
657 1367 895 1415 effecerint
925 1367 1229 1430 animumque
1252 1370 1554 1413 mansuetum
1582 1366 1741 1413 effera-

233 1467 404 1515 verint.
428 1467 528 1514 Imo
549 1470 774 1512 maneant
790 1464 974 1512 Tiberio
998 1464 1122 1527 apud
1146 1468 1353 1527 posteros
1377 1463 1601 1511 scelerum
1633 1480 1740 1511 suo-

231 1582 336 1614 rum
357 1566 498 1628 culpa
521 1571 568 1612 et
594 1564 779 1612 invidia
806 1580 817 1612 t
847 1564 927 1611 sed
971 1563 1234 1610 cavendum
1271 1579 1434 1610 rursus
1461 1580 1519 1611 ne
1563 1564 1740 1612 scelera

232 1665 349 1728 ipsa,
380 1663 687 1712 dissimulatis
728 1663 881 1726 (velut
917 1661 1043 1725 apud
1068 1661 1304 1725 Tacitum)
1348 1662 1517 1721 causis,
1557 1663 1739 1726 aliquid

231 1762 487 1825 portentosi
512 1777 566 1808 ac
589 1759 837 1808 necessarii
864 1759 1165 1818 contrahant,
1206 1775 1297 1822 quo
1335 1765 1509 1806 natura
1532 1760 1739 1823 ingenue

231 1874 451 1921 perversa
498 1858 626 1906 edita
665 1858 827 1918 fuisse,
871 1857 1135 1920 idcircoque
1177 1857 1236 1921 (si
1273 1859 1371 1905 Deo
1405 1858 1610 1922 placeffl)
1644 1866 1737 1907 non'

232 1957 503 2006 damnanda
519 1973 616 2005 esse
643 1957 914 2004 videantur.

295 2148 325 2196 J
329 2164 402 2195 am
427 2152 608 2195 constet
636 2148 869 2194 Romanos
893 2136 952 2193 'in
980 2146 1213 2209 Principis
1238 2147 1312 2193 sui
1348 2147 1600 2193 sceleribus
1628 2163 1736 2209 par-

232 2252 343 2307 tem,
374 2263 568 2309 eamque
588 2246 861 2305 maximam,
893 2245 1128 2293 habuisse.
1159 2246 1390 2305 Tiberius,
1420 2247 1736 2293 Romanorum

233 2344 417 2391 demum
436 2345 785 2407 impellentibus
798 2349 900 2390 tum
922 2344 1069 2403 vitiis,
1091 2348 1193 2390 tum
1215 2344 1552 2403 simultatibUS,
1577 2360 1739 2391 cruen-

233 2447 330 2488 tam
356 2443 489 2489 illam
510 2442 636 2489 viam
657 2442 894 2503 ingressus
914 2445 999 2500 est,
1022 2439 1156 2501 cujus
1177 2441 1224 2487 in
1245 2457 1390 2503 prono
1413 2457 1546 2488 nemo
1565 2447 1738 2489 temere

233 2557 441 2604 unquam
468 2557 516 2588 se
540 2540 742 2588 retinere
779 2544 862 2586 aut
898 2540 1070 2586 morari
1096 2539 1418 2601 prolabentem
1446 2540 1616 2600 valuit,
1663 2556 1739 2587 ne-

233 2638 345 2686 dum
367 2644 503 2687 vetus
524 2639 606 2686 ille
627 2638 776 2696 miles,
803 2653 830 2683 a
849 2638 1079 2700 sanguine
1098 2638 1291 2685 minime
1311 2638 1582 2697 abhorrenS‚
1611 2638 1737 2686 inter

291 2820 504 2875 'Adolphc
539 2821 671 2871 Stahr,
700 2820 837 2861 Bilder
868 2833 939 2860 aus
1017 2820 1257 2872 Alcenburq,
1310 2819 1434 2870 1866,
1479 2821 1558 2860 Zur
1605 2820 1738 2861 Kritik

236 2893 326 2934 dem
353 2893 613 2933 Alterthume.
644 2892 799 2941 Berlin,
828 2890 941 2931 1863.
1019 2893 1089 2933 des
1117 2891 1328 2934 Geschiete
1358 2892 1430 2932 der
1464 2891 1624 2932 Kaisers
1658 2892 1741 2937 Ti-,

237 2986 286 2993 --
326 2963 523 3004 Dissentit
562 2963 749 3004 Edouard
790 2964 943 3012 Pasch3
1021 2963 1170 3004 berius.
