<?xml version="1.0" encoding="UTF-8"?>
<!DOCTYPE html PUBLIC "-//W3C//DTD XHTML 1.0 Transitional//EN"
    "http://www.w3.org/TR/xhtml1/DTD/xhtml1-transitional.dtd">
<html xmlns="http://www.w3.org/1999/xhtml" xml:lang="en" lang="en">
 <head>
  <title>
</title>
<meta http-equiv="Content-Type" content="text/html;charset=utf-8" />
  <meta name='ocr-system' content='tesseract 3.04.00' />
  <meta name='ocr-capabilities' content='ocr_page ocr_carea ocr_par ocr_line ocrx_word'/>
</head>
<body>
  <div class='ocr_page' id='page_1' title='image "./detacitiadenarra00duchuoft_0101.png"; bbox 0 0 2118 3308; ppageno 0'>
   <div class='ocr_carea' id='block_1_1' title="bbox 241 269 1757 2598">
    <p class='ocr_par' dir='ltr' id='par_1_1' title="bbox 241 269 1757 1515">
     <span class='ocr_line' id='line_1_1' title="bbox 802 269 1757 333; baseline -0.002 -14"><span class='ocrx_word' id='word_1_1' title='bbox 802 284 940 320; x_wconf 71' lang='lat' dir='ltr'>clncA</span> <span class='ocrx_word' id='word_1_2' title='bbox 974 285 1206 318; x_wconf 80' lang='lat' dir='ltr'><strong>TIBERIUM</strong></span> <span class='ocrx_word' id='word_1_3' title='bbox 1694 269 1757 333; x_wconf 77' lang='lat'>89</span> 
     </span>
     <span class='ocr_line' id='line_1_2' title="bbox 251 349 1757 435; baseline -0.002 -18"><span class='ocrx_word' id='word_1_4' title='bbox 251 349 351 435; x_wconf 89' lang='lat' dir='ltr'>qui,</span> <span class='ocrx_word' id='word_1_5' title='bbox 374 369 552 431; x_wconf 87' lang='lat' dir='ltr'>dejecto</span> <span class='ocrx_word' id='word_1_6' title='bbox 578 369 680 430; x_wconf 92' lang='lat' dir='ltr'>illo,</span> <span class='ocrx_word' id='word_1_7' title='bbox 710 385 793 433; x_wconf 92' lang='lat' dir='ltr'>per</span> <span class='ocrx_word' id='word_1_8' title='bbox 817 370 1082 429; x_wconf 85' lang='lat' dir='ltr'>biennium,</span> <span class='ocrx_word' id='word_1_9' title='bbox 1113 369 1235 417; x_wconf 86' lang='lat' dir='ltr'>caede</span> <span class='ocrx_word' id='word_1_10' title='bbox 1261 384 1403 432; x_wconf 86' lang='lat' dir='ltr'>prope</span> <span class='ocrx_word' id='word_1_11' title='bbox 1445 368 1672 415; x_wconf 90' lang='lat' dir='ltr'>continua</span> <span class='ocrx_word' id='word_1_12' title='bbox 1709 372 1757 415; x_wconf 85' lang='lat' dir='ltr'>et</span> 
     </span>
     <span class='ocr_line' id='line_1_3' title="bbox 251 466 1756 530; baseline -0.002 -15"><span class='ocrx_word' id='word_1_13' title='bbox 251 466 506 530; x_wconf 86' lang='lat' dir='ltr'>aliquando</span> <span class='ocrx_word' id='word_1_14' title='bbox 531 467 811 515; x_wconf 82' lang='lat' dir='ltr'>catervatim</span> <span class='ocrx_word' id='word_1_15' title='bbox 831 467 1046 526; x_wconf 86' lang='lat' dir='ltr'>mactati,</span> <span class='ocrx_word' id='word_1_16' title='bbox 1071 467 1328 514; x_wconf 89' lang='lat' dir='ltr'>occubuere</span> <span class='ocrx_word' id='word_1_17' title='bbox 1348 466 1381 513; x_wconf 81' lang='lat'>¹.</span> <span class='ocrx_word' id='word_1_18' title='bbox 1414 468 1469 514; x_wconf 88' lang='lat' dir='ltr'>ln</span> <span class='ocrx_word' id='word_1_19' title='bbox 1496 466 1756 514; x_wconf 75' lang='lat' dir='ltr'>Annalibus</span> 
     </span>
     <span class='ocr_line' id='line_1_4' title="bbox 250 564 1756 628; baseline -0.001 -15"><span class='ocrx_word' id='word_1_20' title='bbox 250 570 427 624; x_wconf 90' lang='lat' dir='ltr'>tamen,</span> <span class='ocrx_word' id='word_1_21' title='bbox 455 569 511 612; x_wconf 93' lang='lat' dir='ltr'>ut</span> <span class='ocrx_word' id='word_1_22' title='bbox 544 570 716 612; x_wconf 87' lang='lat' dir='ltr'>cuncta</span> <span class='ocrx_word' id='word_1_23' title='bbox 742 570 855 612; x_wconf 92' lang='lat' dir='ltr'>sunt</span> <span class='ocrx_word' id='word_1_24' title='bbox 879 565 1153 628; x_wconf 84' lang='lat' dir='ltr'>composita,</span> <span class='ocrx_word' id='word_1_25' title='bbox 1184 564 1272 611; x_wconf 84' lang='lat' dir='ltr'>illa</span> <span class='ocrx_word' id='word_1_26' title='bbox 1311 564 1586 624; x_wconf 82' lang='lat' dir='ltr'>erudelitas,</span> <span class='ocrx_word' id='word_1_27' title='bbox 1613 564 1756 627; x_wconf 89' lang='lat' dir='ltr'>impe-</span> 
     </span>
     <span class='ocr_line' id='line_1_5' title="bbox 246 663 1757 728; baseline -0.001 -16"><span class='ocrx_word' id='word_1_28' title='bbox 246 670 383 712; x_wconf 84' lang='lat' dir='ltr'>rante</span> <span class='ocrx_word' id='word_1_29' title='bbox 409 664 696 728; x_wconf 82' lang='lat' dir='ltr'><strong>Caprearum</strong></span> <span class='ocrx_word' id='word_1_30' title='bbox 722 666 900 725; x_wconf 81' lang='lat' dir='ltr'><strong>exsule,</strong></span> <span class='ocrx_word' id='word_1_31' title='bbox 932 665 1212 712; x_wconf 90' lang='lat' dir='ltr'>debacchari</span> <span class='ocrx_word' id='word_1_32' title='bbox 1246 664 1436 712; x_wconf 86' lang='lat' dir='ltr'>videtur</span> <span class='ocrx_word' id='word_1_33' title='bbox 1465 679 1475 710; x_wconf 89' lang='lat'>:</span> <span class='ocrx_word' id='word_1_34' title='bbox 1518 663 1757 711; x_wconf 76' lang='lat' dir='ltr'>redundat</span> 
     </span>
     <span class='ocr_line' id='line_1_6' title="bbox 248 762 1754 826; baseline -0.001 -15"><span class='ocrx_word' id='word_1_35' title='bbox 248 764 297 811; x_wconf 88' lang='lat' dir='ltr'>in</span> <span class='ocrx_word' id='word_1_36' title='bbox 315 779 463 812; x_wconf 88' lang='lat' dir='ltr'><strong>unum</strong></span> <span class='ocrx_word' id='word_1_37' title='bbox 481 763 718 812; x_wconf 90' lang='lat' dir='ltr'>hominem</span> <span class='ocrx_word' id='word_1_38' title='bbox 744 765 1071 812; x_wconf 90' lang='lat' dir='ltr'>seditiosorum</span> <span class='ocrx_word' id='word_1_39' title='bbox 1097 763 1274 811; x_wconf 86' lang='lat' dir='ltr'>civium</span> <span class='ocrx_word' id='word_1_40' title='bbox 1295 763 1604 826; x_wconf 84' lang='lat' dir='ltr'>perversitas;</span> <span class='ocrx_word' id='word_1_41' title='bbox 1642 762 1754 810; x_wconf 89' lang='lat' dir='ltr'>adeo</span> 
     </span>
     <span class='ocr_line' id='line_1_7' title="bbox 246 861 1753 925; baseline -0.001 -15"><span class='ocrx_word' id='word_1_42' title='bbox 246 868 301 910; x_wconf 89' lang='lat' dir='ltr'>ut</span> <span class='ocrx_word' id='word_1_43' title='bbox 326 863 618 911; x_wconf 84' lang='lat' dir='ltr'>Secundatus</span> <span class='ocrx_word' id='word_1_44' title='bbox 644 863 742 925; x_wconf 89' lang='lat' dir='ltr'>ipse</span> <span class='ocrx_word' id='word_1_45' title='bbox 762 868 917 910; x_wconf 88' lang='lat' dir='ltr'>noster</span> <span class='ocrx_word' id='word_1_46' title='bbox 937 862 1185 910; x_wconf 87' lang='lat' dir='ltr'>infandam</span> <span class='ocrx_word' id='word_1_47' title='bbox 1206 862 1504 924; x_wconf 85' lang='lat' dir='ltr'>Optimatum</span> <span class='ocrx_word' id='word_1_48' title='bbox 1525 861 1753 908; x_wconf 85' lang='lat' dir='ltr'>ultionem</span> 
     </span>
     <span class='ocr_line' id='line_1_8' title="bbox 246 959 1756 1024; baseline -0.002 -14"><span class='ocrx_word' id='word_1_49' title='bbox 246 961 302 1010; x_wconf 89' lang='lat' dir='ltr'>de</span> <span class='ocrx_word' id='word_1_50' title='bbox 345 961 503 1024; x_wconf 86' lang='lat' dir='ltr'>Sejani</span> <span class='ocrx_word' id='word_1_51' title='bbox 540 962 687 1009; x_wconf 87' lang='lat' dir='ltr'>filiola</span> <span class='ocrx_word' id='word_1_52' title='bbox 718 961 928 1024; x_wconf 90' lang='lat' dir='ltr'>Principi</span> <span class='ocrx_word' id='word_1_53' title='bbox 959 959 1315 1023; x_wconf 78' lang='lat' dir='ltr'>imputaverit2.</span> <span class='ocrx_word' id='word_1_54' title='bbox 1355 960 1445 1009; x_wconf 85' lang='lat' dir='ltr'>Sed</span> <span class='ocrx_word' id='word_1_55' title='bbox 1484 965 1620 1007; x_wconf 83' lang='lat' dir='ltr'>atrox</span> <span class='ocrx_word' id='word_1_56' title='bbox 1653 960 1756 1023; x_wconf 87' lang='lat' dir='ltr'>ipsa</span> 
     </span>
     <span class='ocr_line' id='line_1_9' title="bbox 244 1059 1755 1123; baseline -0.001 -16"><span class='ocrx_word' id='word_1_57' title='bbox 244 1061 338 1119; x_wconf 83' lang='lat' dir='ltr'>lex,</span> <span class='ocrx_word' id='word_1_58' title='bbox 367 1076 450 1123; x_wconf 90' lang='lat' dir='ltr'>per</span> <span class='ocrx_word' id='word_1_59' title='bbox 474 1077 616 1123; x_wconf 89' lang='lat' dir='ltr'>quam</span> <span class='ocrx_word' id='word_1_60' title='bbox 644 1059 1002 1108; x_wconf 77' lang='lat' dir='ltr'>adolescentulae</span> <span class='ocrx_word' id='word_1_61' title='bbox 1029 1059 1256 1107; x_wconf 76' lang='lat' dir='ltr'>sanctitas</span> <span class='ocrx_word' id='word_1_62' title='bbox 1279 1059 1463 1106; x_wconf 86' lang='lat' dir='ltr'>violata</span> <span class='ocrx_word' id='word_1_63' title='bbox 1488 1063 1574 1117; x_wconf 72' lang='lat' dir='ltr'>est,</span> <span class='ocrx_word' id='word_1_64' title='bbox 1607 1074 1701 1105; x_wconf 92' lang='lat' dir='ltr'>non</span> <span class='ocrx_word' id='word_1_65' title='bbox 1728 1074 1755 1106; x_wconf 89' lang='lat' dir='ltr'>a</span> 
     </span>
     <span class='ocr_line' id='line_1_10' title="bbox 244 1156 1754 1220; baseline -0.002 -14"><span class='ocrx_word' id='word_1_66' title='bbox 244 1158 439 1206; x_wconf 87' lang='lat' dir='ltr'>Tiberio·</span> <span class='ocrx_word' id='word_1_67' title='bbox 459 1159 616 1206; x_wconf 84' lang='lat' dir='ltr'>fuerat</span> <span class='ocrx_word' id='word_1_68' title='bbox 645 1159 879 1218; x_wconf 77' lang='lat' dir='ltr'>inventa3</span> <span class='ocrx_word' id='word_1_69' title='bbox 928 1159 1151 1206; x_wconf 87' lang='lat' dir='ltr'>manebat</span> <span class='ocrx_word' id='word_1_70' title='bbox 1190 1173 1301 1205; x_wconf 88' lang='lat' dir='ltr'>vero</span> <span class='ocrx_word' id='word_1_71' title='bbox 1338 1162 1571 1220; x_wconf 85' lang='lat' dir='ltr'>tanquam</span> <span class='ocrx_word' id='word_1_72' title='bbox 1597 1156 1754 1204; x_wconf 90' lang='lat' dir='ltr'>dirum</span> 
     </span>
     <span class='ocr_line' id='line_1_11' title="bbox 242 1256 1749 1320; baseline 0.001 -16"><span class='ocrx_word' id='word_1_73' title='bbox 242 1262 596 1305; x_wconf 89' lang='lat' dir='ltr'>monumentum</span> <span class='ocrx_word' id='word_1_74' title='bbox 615 1257 784 1320; x_wconf 89' lang='lat' dir='ltr'>prioris</span> <span class='ocrx_word' id='word_1_75' title='bbox 808 1257 938 1304; x_wconf 89' lang='lat' dir='ltr'>illius</span> <span class='ocrx_word' id='word_1_76' title='bbox 963 1256 1053 1304; x_wconf 86' lang='lat' dir='ltr'>aevi</span> <span class='ocrx_word' id='word_1_77' title='bbox 1079 1256 1204 1320; x_wconf 89' lang='lat' dir='ltr'>quod</span> <span class='ocrx_word' id='word_1_78' title='bbox 1231 1256 1486 1320; x_wconf 88' lang='lat' dir='ltr'>aliquando</span> <span class='ocrx_word' id='word_1_79' title='bbox 1510 1273 1749 1320; x_wconf 88' lang='lat' dir='ltr'>reposcere</span> 
     </span>
     <span class='ocr_line' id='line_1_12' title="bbox 242 1353 1748 1419; baseline 0.003 -19"><span class='ocrx_word' id='word_1_80' title='bbox 242 1353 429 1402; x_wconf 87' lang='lat' dir='ltr'>videtur</span> <span class='ocrx_word' id='word_1_81' title='bbox 451 1354 642 1403; x_wconf 85' lang='lat' dir='ltr'>Tacitus</span> <span class='ocrx_word' id='word_1_82' title='bbox 655 1369 669 1413; x_wconf 87' lang='lat'>;</span> <span class='ocrx_word' id='word_1_83' title='bbox 711 1354 980 1417; x_wconf 85' lang='lat' dir='ltr'>exemplum</span> <span class='ocrx_word' id='word_1_84' title='bbox 1006 1354 1184 1402; x_wconf 87' lang='lat' dir='ltr'>scilicet</span> <span class='ocrx_word' id='word_1_85' title='bbox 1221 1354 1471 1417; x_wconf 88' lang='lat' dir='ltr'>antiquum</span> <span class='ocrx_word' id='word_1_86' title='bbox 1507 1356 1748 1419; x_wconf 79' lang='lat' dir='ltr'>sacrilegae</span> 
     </span>
     <span class='ocr_line' id='line_1_13' title="bbox 241 1451 1595 1515; baseline 0 -15"><span class='ocrx_word' id='word_1_87' title='bbox 241 1451 371 1500; x_wconf 87' lang='lat' dir='ltr'>illius</span> <span class='ocrx_word' id='word_1_88' title='bbox 389 1452 591 1500; x_wconf 86' lang='lat' dir='ltr'>feritatis</span> <span class='ocrx_word' id='word_1_89' title='bbox 613 1469 640 1500; x_wconf 91' lang='lat' dir='ltr'>a</span> <span class='ocrx_word' id='word_1_90' title='bbox 664 1453 816 1501; x_wconf 88' lang='lat' dir='ltr'>Dione</span> <span class='ocrx_word' id='word_1_91' title='bbox 842 1453 1001 1501; x_wconf 87' lang='lat' dir='ltr'>Cassio</span> <span class='ocrx_word' id='word_1_92' title='bbox 1033 1458 1344 1501; x_wconf 88' lang='lat' dir='ltr'>memoratum</span> <span class='ocrx_word' id='word_1_93' title='bbox 1363 1453 1544 1515; x_wconf 86' lang='lat' dir='ltr'><strong>reperio</strong></span> <span class='ocrx_word' id='word_1_94' title='bbox 1558 1453 1595 1501; x_wconf 77' lang='lat'>5.</span> 
     </span>
    </p>

    <p class='ocr_par' dir='ltr' id='par_1_2' title="bbox 241 1550 1751 2106">
     <span class='ocr_line' id='line_1_14' title="bbox 307 1550 1750 1611; baseline 0.002 -14"><span class='ocrx_word' id='word_1_95' title='bbox 307 1550 440 1609; x_wconf 87' lang='lat' dir='ltr'>Quod</span> <span class='ocrx_word' id='word_1_96' title='bbox 466 1551 505 1598; x_wconf 89' lang='lat' dir='ltr'>si</span> <span class='ocrx_word' id='word_1_97' title='bbox 528 1551 700 1598; x_wconf 89' lang='lat' dir='ltr'>talium</span> <span class='ocrx_word' id='word_1_98' title='bbox 722 1552 948 1599; x_wconf 87' lang='lat' dir='ltr'>scelerum</span> <span class='ocrx_word' id='word_1_99' title='bbox 974 1551 1089 1611; x_wconf 85' lang='lat' dir='ltr'><strong>dux,</strong></span> <span class='ocrx_word' id='word_1_100' title='bbox 1121 1557 1302 1611; x_wconf 87' lang='lat' dir='ltr'>auctor,</span> <span class='ocrx_word' id='word_1_101' title='bbox 1331 1552 1554 1600; x_wconf 88' lang='lat' dir='ltr'>inventor</span> <span class='ocrx_word' id='word_1_102' title='bbox 1582 1553 1750 1600; x_wconf 89' lang='lat' dir='ltr'>fuisset</span> 
     </span>
     <span class='ocr_line' id='line_1_15' title="bbox 241 1649 1751 1713; baseline 0.001 -17"><span class='ocrx_word' id='word_1_103' title='bbox 241 1663 381 1696; x_wconf 83' lang='lat' dir='ltr'>senex</span> <span class='ocrx_word' id='word_1_104' title='bbox 414 1649 494 1696; x_wconf 90' lang='lat' dir='ltr'>ille</span> <span class='ocrx_word' id='word_1_105' title='bbox 533 1649 659 1696; x_wconf 91' lang='lat' dir='ltr'>inter</span> <span class='ocrx_word' id='word_1_106' title='bbox 683 1650 827 1697; x_wconf 86' lang='lat' dir='ltr'>maris</span> <span class='ocrx_word' id='word_1_107' title='bbox 853 1649 1130 1697; x_wconf 84' lang='lat' dir='ltr'>solitudines</span> <span class='ocrx_word' id='word_1_108' title='bbox 1154 1654 1376 1710; x_wconf 84' lang='lat' dir='ltr'>tremens,</span> <span class='ocrx_word' id='word_1_109' title='bbox 1424 1667 1537 1698; x_wconf 92' lang='lat' dir='ltr'>num</span> <span class='ocrx_word' id='word_1_110' title='bbox 1576 1651 1751 1713; x_wconf 85' lang='lat' dir='ltr'>viguis-</span> 
     </span>
     <span class='ocr_line' id='line_1_16' title="bbox 242 1747 1745 1811; baseline 0.001 -17"><span class='ocrx_word' id='word_1_111' title='bbox 242 1751 344 1794; x_wconf 89' lang='lat' dir='ltr'>sent</span> <span class='ocrx_word' id='word_1_112' title='bbox 366 1747 508 1809; x_wconf 84' lang='lat' dir='ltr'>longa</span> <span class='ocrx_word' id='word_1_113' title='bbox 533 1747 787 1811; x_wconf 87' lang='lat' dir='ltr'>stabilique</span> <span class='ocrx_word' id='word_1_114' title='bbox 811 1748 937 1810; x_wconf 89' lang='lat' dir='ltr'>apud</span> <span class='ocrx_word' id='word_1_115' title='bbox 962 1747 1101 1795; x_wconf 88' lang='lat' dir='ltr'>illum</span> <span class='ocrx_word' id='word_1_116' title='bbox 1129 1748 1340 1796; x_wconf 86' lang='lat' dir='ltr'>amicitia</span> <span class='ocrx_word' id='word_1_117' title='bbox 1365 1753 1436 1795; x_wconf 93' lang='lat' dir='ltr'>tot</span> <span class='ocrx_word' id='word_1_118' title='bbox 1455 1749 1544 1796; x_wconf 89' lang='lat' dir='ltr'>viri</span> <span class='ocrx_word' id='word_1_119' title='bbox 1559 1765 1745 1811; x_wconf 83' lang='lat' dir='ltr'>graves,</span> 
     </span>
     <span class='ocr_line' id='line_1_17' title="bbox 243 1844 1750 1911; baseline 0.003 -20"><span class='ocrx_word' id='word_1_120' title='bbox 243 1844 596 1892; x_wconf 78' lang='lat' dir='ltr'>adulationibus</span> <span class='ocrx_word' id='word_1_121' title='bbox 641 1861 694 1893; x_wconf 87' lang='lat' dir='ltr'>ao</span> <span class='ocrx_word' id='word_1_122' title='bbox 732 1845 927 1893; x_wconf 81' lang='lat' dir='ltr'>saevitiis</span> <span class='ocrx_word' id='word_1_123' title='bbox 976 1845 1184 1893; x_wconf 81' lang='lat' dir='ltr'>infensi?</span> <span class='ocrx_word' id='word_1_124' title='bbox 1223 1862 1337 1894; x_wconf 92' lang='lat' dir='ltr'>num</span> <span class='ocrx_word' id='word_1_125' title='bbox 1373 1847 1535 1895; x_wconf 90' lang='lat' dir='ltr'>vivere</span> <span class='ocrx_word' id='word_1_126' title='bbox 1584 1864 1750 1911; x_wconf 90' lang='lat' dir='ltr'>passus</span> 
     </span>
     <span class='ocr_line' id='line_1_18' title="bbox 255 1943 1750 2010; baseline 0.003 -21"><span class='ocrx_word' id='word_1_127' title='bbox 255 1948 372 1990; x_wconf 89' lang='lat' dir='ltr'>esset</span> <span class='ocrx_word' id='word_1_128' title='bbox 396 1947 467 1990; x_wconf 89' lang='lat' dir='ltr'>tot</span> <span class='ocrx_word' id='word_1_129' title='bbox 485 1943 626 2003; x_wconf 87' lang='lat' dir='ltr'>cives,</span> <span class='ocrx_word' id='word_1_130' title='bbox 649 1943 731 2007; x_wconf 88' lang='lat' dir='ltr'>qui</span> <span class='ocrx_word' id='word_1_131' title='bbox 761 1959 930 2006; x_wconf 84' lang='lat' dir='ltr'><strong>genere</strong></span> <span class='ocrx_word' id='word_1_132' title='bbox 956 1960 1010 1991; x_wconf 89' lang='lat' dir='ltr'>ae</span> <span class='ocrx_word' id='word_1_133' title='bbox 1038 1943 1169 1991; x_wconf 89' lang='lat' dir='ltr'>fama</span> <span class='ocrx_word' id='word_1_134' title='bbox 1201 1944 1513 1992; x_wconf 88' lang='lat' dir='ltr'>diffidentiam</span> <span class='ocrx_word' id='word_1_135' title='bbox 1554 1947 1750 2010; x_wconf 84' lang='lat' dir='ltr'>tyranni</span> 
     </span>
     <span class='ocr_line' id='line_1_19' title="bbox 242 2044 797 2106; baseline 0 -16"><span class='ocrx_word' id='word_1_136' title='bbox 242 2058 429 2106; x_wconf 86' lang='lat' dir='ltr'>prorsus</span> <span class='ocrx_word' id='word_1_137' title='bbox 453 2045 755 2091; x_wconf 87' lang='lat' dir='ltr'>merebantur</span> <span class='ocrx_word' id='word_1_138' title='bbox 774 2044 797 2090; x_wconf 70' lang='grc' dir='ltr'>ἶ)</span> 
     </span>
    </p>

    <p class='ocr_par' dir='ltr' id='par_1_3' title="bbox 241 2130 1749 2598">
     <span class='ocr_line' id='line_1_20' title="bbox 285 2130 1748 2208; baseline 0.003 -19"><span class='ocrx_word' id='word_1_139' title='bbox 285 2130 408 2190; x_wconf 46' lang='lat' dir='ltr'>&#39;Non</span> <span class='ocrx_word' id='word_1_140' title='bbox 434 2142 583 2204; x_wconf 87' lang='lat' dir='ltr'>igitur</span> <span class='ocrx_word' id='word_1_141' title='bbox 607 2142 783 2190; x_wconf 88' lang='lat' dir='ltr'>Tiberii</span> <span class='ocrx_word' id='word_1_142' title='bbox 802 2142 1076 2190; x_wconf 85' lang='lat' dir='ltr'>voluntaria</span> <span class='ocrx_word' id='word_1_143' title='bbox 1101 2144 1401 2205; x_wconf 86' lang='lat' dir='ltr'>perversitas,</span> <span class='ocrx_word' id='word_1_144' title='bbox 1433 2145 1512 2192; x_wconf 91' lang='lat' dir='ltr'>sed</span> <span class='ocrx_word' id='word_1_145' title='bbox 1539 2145 1748 2208; x_wconf 89' lang='lat' dir='ltr'>ipsorum</span> 
     </span>
     <span class='ocr_line' id='line_1_21' title="bbox 241 2240 1749 2305; baseline 0.003 -19"><span class='ocrx_word' id='word_1_146' title='bbox 241 2240 554 2287; x_wconf 86' lang='lat' dir='ltr'>Romanorum</span> <span class='ocrx_word' id='word_1_147' title='bbox 579 2240 759 2288; x_wconf 89' lang='lat' dir='ltr'>furores</span> <span class='ocrx_word' id='word_1_148' title='bbox 785 2241 1006 2288; x_wconf 87' lang='lat' dir='ltr'>Romanis</span> <span class='ocrx_word' id='word_1_149' title='bbox 1026 2245 1098 2287; x_wconf 91' lang='lat' dir='ltr'>tot</span> <span class='ocrx_word' id='word_1_150' title='bbox 1123 2240 1337 2288; x_wconf 86' lang='lat' dir='ltr'>miserias</span> <span class='ocrx_word' id='word_1_151' title='bbox 1356 2258 1410 2289; x_wconf 86' lang='lat' dir='ltr'>ae</span> <span class='ocrx_word' id='word_1_152' title='bbox 1430 2241 1633 2305; x_wconf 86' lang='lat' dir='ltr'>denique</span> <span class='ocrx_word' id='word_1_153' title='bbox 1658 2260 1749 2291; x_wconf 92' lang='lat' dir='ltr'>ser-</span> 
     </span>
     <span class='ocr_line' id='line_1_22' title="bbox 242 2338 1749 2406; baseline 0.005 -22"><span class='ocrx_word' id='word_1_154' title='bbox 242 2338 441 2386; x_wconf 87' lang='lat' dir='ltr'>vitutem</span> <span class='ocrx_word' id='word_1_155' title='bbox 460 2339 734 2402; x_wconf 88' lang='lat' dir='ltr'>imposuere.</span> <span class='ocrx_word' id='word_1_156' title='bbox 758 2341 846 2386; x_wconf 88' lang='lat' dir='ltr'>Eos</span> <span class='ocrx_word' id='word_1_157' title='bbox 874 2339 997 2402; x_wconf 90' lang='lat' dir='ltr'>ipsos</span> <span class='ocrx_word' id='word_1_158' title='bbox 1025 2339 1192 2387; x_wconf 90' lang='lat' dir='ltr'>incusa</span> <span class='ocrx_word' id='word_1_159' title='bbox 1211 2340 1314 2402; x_wconf 67' lang='lat' dir='ltr'>qui,</span> <span class='ocrx_word' id='word_1_160' title='bbox 1342 2357 1487 2404; x_wconf 89' lang='lat' dir='ltr'><strong>quum</strong></span> <span class='ocrx_word' id='word_1_161' title='bbox 1523 2342 1749 2406; x_wconf 82' lang='lat' dir='ltr'>Princeps</span> 
     </span>
     <span class='ocr_line' id='line_1_23' title="bbox 241 2434 1747 2498; baseline 0.005 -17"><span class='ocrx_word' id='word_1_162' title='bbox 241 2434 507 2484; x_wconf 85' lang='lat' dir='ltr'>libertatem</span> <span class='ocrx_word' id='word_1_163' title='bbox 547 2437 751 2485; x_wconf 90' lang='lat' dir='ltr'>modeste</span> <span class='ocrx_word' id='word_1_164' title='bbox 795 2437 1103 2485; x_wconf 81' lang='lat' dir='ltr'>exercendam</span> <span class='ocrx_word' id='word_1_165' title='bbox 1140 2438 1404 2498; x_wconf 82' lang='lat' dir='ltr'>obtulisset,</span> <span class='ocrx_word' id='word_1_166' title='bbox 1453 2444 1620 2487; x_wconf 88' lang='lat' dir='ltr'>mutua</span> <span class='ocrx_word' id='word_1_167' title='bbox 1662 2456 1747 2488; x_wconf 88' lang='lat' dir='ltr'>sua</span> 
     </span>
     <span class='ocr_line' id='line_1_24' title="bbox 242 2533 1180 2598; baseline 0.002 -18"><span class='ocrx_word' id='word_1_168' title='bbox 242 2533 350 2581; x_wconf 91' lang='lat' dir='ltr'>odia</span> <span class='ocrx_word' id='word_1_169' title='bbox 373 2535 604 2598; x_wconf 87' lang='lat' dir='ltr'>sanguine</span> <span class='ocrx_word' id='word_1_170' title='bbox 629 2536 864 2583; x_wconf 83' lang='lat' dir='ltr'>exsatiare</span> <span class='ocrx_word' id='word_1_171' title='bbox 890 2535 1180 2583; x_wconf 89' lang='lat' dir='ltr'>maluerunt.</span> 
     </span>
    </p>
   </div>
   <div class='ocr_carea' id='block_1_2' title="bbox 305 2632 1743 2701">
    <p class='ocr_par' dir='ltr' id='par_1_4' title="bbox 305 2632 1743 2701">
     <span class='ocr_line' id='line_1_25' title="bbox 305 2632 1743 2701; baseline 0.003 -21"><span class='ocrx_word' id='word_1_172' title='bbox 305 2632 476 2680; x_wconf 87' lang='lat' dir='ltr'>Incusa</span> <span class='ocrx_word' id='word_1_173' title='bbox 495 2650 624 2693; x_wconf 86' lang='lat' dir='ltr'>sane,</span> <span class='ocrx_word' id='word_1_174' title='bbox 648 2634 727 2681; x_wconf 91' lang='lat' dir='ltr'>sed</span> <span class='ocrx_word' id='word_1_175' title='bbox 748 2633 885 2681; x_wconf 91' lang='lat' dir='ltr'>simul</span> <span class='ocrx_word' id='word_1_176' title='bbox 911 2634 1143 2692; x_wconf 86' lang='lat' dir='ltr'>miserere,</span> <span class='ocrx_word' id='word_1_177' title='bbox 1168 2635 1325 2698; x_wconf 89' lang='lat' dir='ltr'>potius</span> <span class='ocrx_word' id='word_1_178' title='bbox 1345 2651 1506 2699; x_wconf 81' lang='lat' dir='ltr'>quam,</span> <span class='ocrx_word' id='word_1_179' title='bbox 1530 2639 1743 2701; x_wconf 87' lang='lat' dir='ltr'>exemplo</span> 
     </span>
    </p>
   </div>
   <div class='ocr_carea' id='block_1_3' title="bbox 240 2806 1626 3006">
    <p class='ocr_par' dir='ltr' id='par_1_5' title="bbox 240 2806 1626 3006">
     <span class='ocr_line' id='line_1_26' title="bbox 298 2806 1470 2858; baseline 0.003 -10"><span class='ocrx_word' id='word_1_180' title='bbox 298 2808 307 2828; x_wconf 88' lang='lat'><strong>¹</strong></span> <span class='ocrx_word' id='word_1_181' title='bbox 331 2809 431 2848; x_wconf 81' lang='lat' dir='ltr'><strong>Anu.</strong></span> <span class='ocrx_word' id='word_1_182' title='bbox 453 2808 520 2858; x_wconf 80' lang='lat' dir='ltr'>vl,</span> <span class='ocrx_word' id='word_1_183' title='bbox 542 2806 659 2848; x_wconf 83' lang='lat'>1—28.</span> <span class='ocrx_word' id='word_1_184' title='bbox 1027 2813 1065 2849; x_wconf 87' lang='lat' dir='ltr'>et</span> <span class='ocrx_word' id='word_1_185' title='bbox 1085 2808 1186 2850; x_wconf 80' lang='lat' dir='ltr'>Note</span> <span class='ocrx_word' id='word_1_186' title='bbox 1207 2809 1256 2850; x_wconf 89' lang='lat' dir='ltr'>de</span> <span class='ocrx_word' id='word_1_187' title='bbox 1277 2810 1470 2852; x_wconf 85' lang='lat' dir='ltr'>Voltaire.</span> 
     </span>
     <span class='ocr_line' id='line_1_27' title="bbox 295 2878 1626 2935; baseline 0.005 -17"><span class='ocrx_word' id='word_1_188' title='bbox 295 2878 309 2900; x_wconf 86' lang='lat'><strong>²</strong></span> <span class='ocrx_word' id='word_1_189' title='bbox 331 2879 380 2929; x_wconf 82' lang='lat' dir='ltr'>V,</span> <span class='ocrx_word' id='word_1_190' title='bbox 410 2893 450 2932; x_wconf 80' lang='lat'>9.</span> <span class='ocrx_word' id='word_1_191' title='bbox 471 2903 521 2910; x_wconf 92' lang='lat'>—</span> <span class='ocrx_word' id='word_1_192' title='bbox 549 2879 839 2932; x_wconf 58' lang='lat' dir='ltr'>Montesquiem</span> <span class='ocrx_word' id='word_1_193' title='bbox 871 2881 959 2922; x_wconf 81' lang='lat' dir='ltr'>Es-</span> <span class='ocrx_word' id='word_1_194' title='bbox 1082 2881 1097 2903; x_wconf 82' lang='lat'>³</span> <span class='ocrx_word' id='word_1_195' title='bbox 1118 2881 1194 2921; x_wconf 89' lang='lat' dir='ltr'>Dio</span> <span class='ocrx_word' id='word_1_196' title='bbox 1217 2881 1391 2932; x_wconf 65' lang='lat' dir='ltr'>Cassius7</span> <span class='ocrx_word' id='word_1_197' title='bbox 1412 2884 1567 2935; x_wconf 71' lang='lat' dir='ltr'>XLVII,</span> <span class='ocrx_word' id='word_1_198' title='bbox 1586 2885 1626 2925; x_wconf 89' lang='lat'>6.</span> 
     </span>
     <span class='ocr_line' id='line_1_28' title="bbox 240 2951 957 3006; baseline 0.001 -16"><span class='ocrx_word' id='word_1_199' title='bbox 240 2953 322 3006; x_wconf 66' lang='lat' dir='ltr'>pris</span> <span class='ocrx_word' id='word_1_200' title='bbox 342 2951 405 2990; x_wconf 81' lang='lat' dir='ltr'>(les</span> <span class='ocrx_word' id='word_1_201' title='bbox 438 2951 539 3002; x_wconf 73' lang='lat' dir='ltr'>Lois,</span> <span class='ocrx_word' id='word_1_202' title='bbox 559 2951 624 2992; x_wconf 88' lang='lat' dir='ltr'>liv.</span> <span class='ocrx_word' id='word_1_203' title='bbox 656 2953 740 3003; x_wconf 82' lang='lat' dir='ltr'>XII,</span> <span class='ocrx_word' id='word_1_204' title='bbox 761 2953 821 2993; x_wconf 92' lang='lat' dir='ltr'>ch.</span> <span class='ocrx_word' id='word_1_205' title='bbox 851 2952 957 3002; x_wconf 77' lang='lat' dir='ltr'>X1V,</span> 
     </span>
    </p>
   </div>
  </div>
 </body>
</html>
