2118 3308
724 354 862 388 cmm
898 354 1127 386 'summust
1623 337 1679 380 «Ἠ

180 442 374 502 dideris,
405 440 616 488 simulati
644 442 934 504 plerumque,
967 446 1013 487 et
1040 438 1254 486 obtentui
1272 437 1330 484 ad
1353 435 1683 484 exsatiandam

180 539 508 587 crudelitatem
547 541 872 586 sumebantur.
925 538 1013 586 Sed
1048 521 1190 600 quam
1223 536 1324 583 veri
1356 535 1552 594 fuerint,
1590 540 1685 580 tes-

179 643 346 685 tantur
366 637 502 685 nimii
525 638 599 685 illi
619 637 807 684 favores
832 636 1005 700 quibus
1031 636 1157 683 cives
1194 651 1339 682 novos
1370 633 1686 694 Sejanumque

181 736 270 783 sibi
295 736 602 784 mentuendos
628 736 765 804 fecit!
795 740 1035 783 testantur
1068 740 1241 795 castra,
1283 734 1331 781 in
1365 734 1536 797 quibus
1568 749 1687 795 prae-

181 835 389 883 torianos
420 850 526 899 suos
553 833 718 896 procul
753 850 780 880 a
806 833 1038 881 seditiosis
1068 832 1212 880 Urbis
1244 831 1690 891 coetibus,=Non1en-

180 940 345 982 tanam
381 933 440 981 ad
476 929 679 996 portam,
719 938 959 980 vetustum
996 937 1143 990 extra·
1173 932 1326 980 Servii
1351 932 1498 980 Tullii
1523 948 1691 995 pomoe-

181 1033 327 1093 rium,
373 1038 675 1096 seposuerat‚
723 1037 993 1095 promptum
1033 1031 1085 1079 in
1132 1046 1450 1095 quoscumque
1491 1030 1689 1078 rebelles

183 1132 478 1181 subsidium¹
513 1148 524 1180 2
555 1149 661 1195 quae
695 1138 858 1180 tamen
890 1137 1063 1191 castra,
1105 1131 1231 1194 apud
1264 1132 1497 1190 Tacitum,
1537 1130 1693 1179 Caesar

185 1248 212 1279 a
240 1229 408 1292 Sejano
433 1230 675 1290 constitui,
699 1230 831 1278 nullo
847 1228 1047 1291 jubente
1066 1229 1295 1292 periculO,
1322 1229 1455 1289 sinit,
1479 1229 1693 1292 gratuita

186 1328 391 1391 profecto
434 1333 574 1376 utens
617 1328 842 1387 stultitia,
893 1344 1039 1390 quum
1087 1327 1137 1374 id
1178 1327 1359 1374 roboris
1400 1327 1694 1375 Vulsiniensi

188 1426 350 1489 Equiti
378 1426 437 1473 ad
463 1441 510 1473 se
535 1426 690 1488 ipsum
723 1425 1047 1473 subruendum
1081 1430 1246 1488 sponte
1268 1425 1557 1489 suppeditet!
1588 1427 1697 1474 Tes-

188 1531 320 1573 tatur
345 1526 548 1589 denique
573 1527 690 1588 fuga
715 1526 776 1573 ad
803 1525 1024 1588 Capreas,
1053 1525 1183 1573 haud
1211 1525 1413 1573 absurde
1440 1541 1468 1573 a
1494 1525 1695 1573 Consule

188 1624 272 1686 qui
302 1625 568 1687 Principem
600 1626 744 1688 probe
784 1630 1007 1684 noverat,
1036 1625 1267 1673 exsilium
1306 1623 1518 1684 vocata2,
1564 1625 1695 1673 timi-

187 1722 328 1786 dique
344 1723 468 1771 circa
485 1723 662 1771 Urbem
683 1702 942 1786 regressus!

253 1822 462 1880 Quarum
500 1838 658 1870 rerum
701 1839 868 1870 causas
910 1823 1103 1871 Tacitus
1142 1823 1424 1872 memoravit
1465 1823 1693 1884 diversas,

188 1920 470 1984 praecipuam
515 1921 760 1983 negligens
797 1937 807 1967 z
852 1937 979 1968 nunc
1016 1921 1142 1968 enim
1195 1927 1319 1969 artes
1347 1920 1524 1983 Sejani,
1572 1903 1703 1970 nuli&

188 2019 335 2082 ipsius
361 2019 604 2082 pudorem,
639 2038 661 2065 «
691 2020 974 2067 occultantis
999 2019 1168 2068 faciem
1194 2021 1455 2068 ulcerosam
1477 2026 1524 2069 et
1547 2022 1697 2070 medi-

185 2118 448 2166 caminibus
467 2118 880 2177 interstinctam»,
916 2119 1095 2181 culpat,
1130 2124 1247 2167 tunc
1282 2119 1356 2183 (ut
1391 2120 1693 2184 quandoque)

189 2214 346 2262 minus
374 2231 544 2279 magno
601 2216 821 2264 historico
871 2231 958 2278 par
1001 2233 1143 2279 quam
1208 2217 1425 2281 scriptori
1463 2218 1695 2267 famosum

189 2313 405 2362 libellum
433 2315 622 2363 acuenti
637 2315 672 2361 ³.

256 2419 344 2467 Sed
387 2425 554 2480 terror,
602 2425 770 2480 terror,
802 2421 1018 2484 inquam,
1060 2437 1167 2469 eum
1211 2422 1359 2470 Roma
1404 2428 1688 2484 extruserat,

193 2517 313 2565 nihil
347 2518 437 2565 nisi
472 2534 530 2566 ex
564 2523 668 2566 tuto
706 2518 988 2579 ausurum&
1012 2525 1162 2567 terror
1188 2537 1271 2584 per
1296 2522 1515 2570 undecim
1538 2524 1695 2572 miser-

192 2615 320 2663 rimae
345 2617 597 2664 senectutis
623 2633 770 2664 annos
797 2618 1034 2665 continuit
1053 2619 1177 2667 inter
1198 2636 1283 2667 sua
1309 2636 1426 2668 saxa
1451 2622 1695 2670 tabescen-

192 2718 285 2761 tem
297 2730 311 2773 3
359 2715 425 2762 ibi
469 2715 681 2778 pallebat
724 2722 869 2776 metu,
917 2717 955 2764 si
996 2718 1102 2780 quis
1135 2718 1194 2765 ad
1227 2718 1569 2779 ambulantem,
1614 2735 1698 2783 per

251 2925 259 2946 ¹
282 2927 358 2967 Dio
382 2927 565 2978 Cassius,
587 2928 704 2978 LVII,
732 2941 791 2982 ¹9·
1036 2930 1050 2952 ³
1072 2932 1172 2972 Ann.
1195 2932 1261 2981 lv,
1283 2932 1348 2985 57.

249 2997 262 3017 ²
285 2999 382 3038 Ann.
406 2999 473 3048 Vl,
495 2999 559 3040 38.
1039 3002 1051 3021 ⁴
1075 3002 1184 3042 Suet.
1207 3003 1381 3043 LXXIII.
