2118 3308
669 282 804 318 omeA
841 274 1071 339 Tlssnmvn
1575 282 1624 328 ¹7

135 371 247 419 fines
283 371 510 428 continet,
559 386 684 416 nunc
714 385 795 432 per
839 369 1012 416 scelera
1052 365 1339 430 praecipitem
1383 364 1496 426 agit.
1543 364 1631 411 Res

138 470 254 517 adeo
276 469 537 531 disjunctas
560 469 750 516 Tacitus
769 483 913 530 quum
934 466 1211 513 verisimiles
1228 464 1420 512 reddere
1440 469 1635 510 conatus

137 568 214 627 sit,
260 568 391 615 nullo
415 573 571 614 tamen
620 568 734 614 artis
759 566 835 613 vel
878 565 1186 628 sagacissimae
1209 565 1400 612 vinculo
1445 579 1637 611 connec-

138 671 236 713 tere
261 665 415 728 potuit
436 681 446 712 :
477 665 654 712 scilicet
677 664 823 712 sensit
844 664 1094 711 historicus
1119 664 1218 727 ipse
1236 663 1475 711 Tiberium
1500 678 1636 710 suum

140 764 262 812 male
287 763 376 811 sibi
402 769 631 823 constare,
680 765 737 811 ob
764 764 888 811 hanc
908 764 1166 827 praesertim
1192 763 1353 825 Sejani
1382 762 1636 811 auctorita-

140 868 235 910 tem
260 876 365 925 quae
391 862 553 924 negari
596 878 690 909 non
716 868 934 925 potuerat
961 869 1045 910 aut
1069 864 1255 911 reticeri
1276 880 1289 923 3
1328 862 1461 924 cujus
1494 878 1639 925 quum

142 977 283 1008 causa
302 961 465 1023 utique
482 961 721 1008 reddenda
739 968 874 1022 esset,
897 962 1110 1024 confugit
1129 962 1320 1010 Tacitus
1341 963 1400 1009 ad
1419 961 1592 1010 Fatum
1604 961 1637 1021 ¹,

144 1059 219 1106 cui
246 1058 385 1106 nimis
408 1059 561 1106 multa
592 1065 639 1106 et
666 1060 784 1106 alias
819 1059 993 1106 referre
1016 1060 1148 1107 solet.
1199 1060 1288 1108 Sed
1312 1061 1449 1107 istius
1473 1059 1568 1108 Dee·
1589 1075 1645 1107 ez*

147 1157 357 1206 machina
405 1158 726 1205 interventum
776 1158 925 1205 multo
968 1159 1125 1206 minus
1168 1159 1311 1206 etiam
1349 1159 1399 1206 in
1439 1159 1648 1206 historiis

146 1273 286 1321 quam
310 1258 362 1305 in
383 1274 521 1305 scena
547 1258 858 1305 excusaveris.
889 1259 1005 1305 Eam
1023 1274 1160 1321 porro
1178 1259 1427 1306 reddendae
1450 1259 1650 1305 rationis

149 1356 364 1415 somnam,
410 1355 600 1403 inanem
627 1372 815 1419 prorsus
840 1362 887 1404 et
923 1363 1020 1403 tam
1048 1357 1220 1404 eximio
1263 1357 1485 1419 scriptore
1523 1356 1648 1403 indi-

151 1470 309 1516 gnam,
357 1455 635 1502 confessioni
659 1455 858 1502 similem
884 1455 1085 1502 dixerim
1121 1457 1325 1503 auctoris
1359 1456 1652 1519 desperantis

154 1569 226 1601 res
253 1570 281 1600 a
303 1569 351 1601 se
393 1542 748 1602 in'miraculum
793 1560 1035 1617 corruptas
1075 1569 1206 1617 posse
1251 1572 1357 1602 cum
1383 1556 1507 1603 veris
1550 1571 1654 1602 con—

149 1651 317 1700 ciliari.

215 1813 244 1861 J
249 1829 323 1861 am
348 1814 406 1862 de
430 1820 635 1878 tyranno
665 1816 722 1861 ad
749 1816 966 1863 victimas
997 1821 1292 1863 transeamus
1316 1831 1326 1861 2
1349 1815 1650 1878 quemadmo—

153 1914 264 1960 dum
291 1914 422 1961 illius
458 1915 746 1974 immanitas,
785 1916 850 1962 sic
877 1916 1046 1962 harum
1071 1916 1306 1978 patientia
1351 1916 1553 1962 omnimo
1581 1916 1653 1962 in-

152 2014 391 2061 credibilis
416 2030 425 2060 :
474 2031 580 2062 eum
616 2016 877 2062 dominum
897 2016 1096 2063 Romani
1140 2015 1348 2078 gratuito
1393 2032 1446 2062 ac
1488 2021 1650 2077 sponte

153 2114 412 2160 cervicibus
443 2114 539 2161 suis
566 2115 971 2183 superimponunt,
1003 2121 1049 2162 et
1075 2115 1384 2162 insultantem
1409 2115 1616 2161 retinent
1640 2133 1651 2161 ε

152 2210 224 2257 1111
250 2226 332 2272 per
358 2216 546 2258 mutuas
587 2212 731 2258 caedes
756 2218 920 2273 sponte
945 2212 1272 2274 gratificantur
1293 2229 1306 2272 3
1338 2213 1462 2260 cives
1488 2213 1640 2259 claris-

156 2307 279 2367 simi,
324 2309 602 2356 stultissima
643 2310 845 2371 quadam
887 2310 1128 2357 servitutis
1173 2311 1392 2373 cupidine
1433 2313 1649 2374 correpti,

158 2407 472 2455 delationibus
492 2425 622 2455 snam
650 2409 774 2456 ultro
795 2410 1091 2457 nobilitatem
1116 2410 1399 2458 dedecorant
1419 2428 1433 2470 3
1481 2413 1652 2474 impro-

160 2506 292 2552 vidos
323 2507 597 2571 plerumque
634 2514 680 2554 et
708 2508 826 2555 nihil
854 2509 1022 2559 serium
1094 2510 1130 2556 si
1173 2510 1362 2574 quidem
1408 2511 1656 2558 Annalibus·

164 2605 432 2669 credideris)
462 2606 510 2653 in
537 2607 795 2668 principem
826 2608 1075 2654 meditatos
1109 2609 1419 2659 subvertunt:
1464 2609 1656 2670 opplen-

226 2822 267 2861 ³«
297 2822 497 2865 Tiberium
515 2823 683 2878 Sejanus
700 2822 875 2864 devinxit.
953 2822 1143 2866 efficeret:
1192 2839 1268 2863 non
1318 2827 1395 2863 tam
1445 2824 1660 2864 s01e1·1.ia....

167 2895 874 2938 adeoutnbscurumadvorsumalios
953 2909 1064 2946 quant
1098 2897 1218 2934 Ιὶωιιιι
1256 2897 1309 2934 ira
1338 2897 1374 2934 in
1406 2910 1485 2934 rem
1515 2897 1663 2934 Roma-

171 2969 242 3008 sihi
272 2969 335 3008 uni
366 2968 558 3007 iun-nutum
588 2968 772 3007 inim-lum
802 2983 875 3019 quw
954 2982 1105 3006 norum.
1139 2986 1154 3002 ³»
1174 2969 1289 3020 (Anu.
1314 2969 1378 3016 lY„
1405 2969 1455 3007 ιζ)
