2118 3308
698 288 835 322 cch
871 289 1102 321 TIBERIUM
1593 290 1647 335 7¹

225 373 449 436 Equidem
476 372 628 419 Romae
656 372 769 419 adeo
795 378 1004 419 tenacem
1048 371 1332 418 historicum·
1361 370 1488 416 haud
1531 370 1654 416 absi-

163 470 317 518 milem
368 469 673 532 pristinorum
720 469 909 516 illorum
957 469 1157 515 dixerim
1208 473 1488 531 praetorum,
1539 467 1651 530 qui,

163 569 449 617 commissam
476 568 564 614 sibi
592 568 884 630 provinciam
916 585 999 631 pro
1032 567 1347 615 molestissimi
1372 567 1527 614 exsilii
1555 567 1654 613 loco

166 668 404 726 habentes,
437 667 496 713 ad
522 667 715 713 Romam
741 667 1060 714 indesinenter
1078 668 1423 729 respectabant,
1453 666 1656 714 fatentes

162 767 213 814 in
234 766 440 829 epistolis
470 783 492 810 (ι
514 766 634 812 nihil
655 764 859 812 odiosius
873 765 1134 827 provincia,
1160 765 1279 812 nihil
1307 765 1546 811 molestius
1563 763 1600 812 ¹!
1627 783 1649 809 »

167 865 276 913 Ideo
318 864 545 927 quosdam
589 863 841 911 Annalium
887 864 1031 910 libros
1076 863 1224 911 multo
1264 863 1418 910 minus
1449 862 1654 909 historiae

148 962 358 1010 ‘Romani
384 961 574 1024 Imperii
598 977 738 1023 quam
765 962 906 1009 Urbis
925 961 1066 1009 unius
1092 960 1223 1008 Actis
1252 960 1421 1007 annuis
1441 976 1493 1006 ac
1512 976 1653 1022 prope

162 1061 342 1108 diurnis
368 1061 543 1107 similes
569 1076 666 1106 esse
692 1060 861 1106 dicam.

226 1161 460 1217 Queratur
498 1174 623 1204 nunc
661 1158 866 1217 Tacitus,
914 1157 1037 1219 quod
1081 1157 1170 1204 sibi
1201 1176 1221 1201 «
1253 1158 1384 1204 labor
1428 1158 1477 1204 in
1518 1162 1643 1204 arcto

172 1277 192 1302 c(
224 1258 544 1320 ingloriusque
571 1254 847 1302 obvenerit2
877 1270 925 1313 »3
957 1255 1071 1317 ipse,
1102 1254 1216 1316 ipse,
1258 1255 1469 1317 inquam,
1507 1271 1655 1317 quum*

159 1358 303 1404 libere
321 1373 402 1419 per
426 1356 704 1402 immensum
730 1354 851 1400 illud
875 1353 1129 1416 Imperium
1149 1353 1339 1415 evagari
1360 1357 1529 1415 posset,
1560 1353 1651 1400 imo

160 1455 363 1512 deberet,
393 1458 491 1500 tam
527 1457 750 1514 angustos
773 1452 962 1514 ingenio
992 1467 1073 1498 suo
1105 1451 1467 1514 circumscripsit
1490 1451 1650 1514 termi—

161 1568 243 1598 nos
272 1568 282 1598 :
318 1567 432 1614 quos
467 1551 595 1597 intra
629 1550 903 1612 priusquam
940 1565 1044 1596 cum
1082 1550 1163 1596 illo
1200 1550 1433 1609 includar,
1474 1554 1653 1597 constet

161 1651 413 1708 Tiberium,
446 1650 520 1696 vel
547 1666 629 1712 per
654 1655 885 1696 extremos
913 1665 1076 1709 annos,
1100 1650 1375 1696 modestiam
1403 1650 1651 1698 retinuisse

160 1766 270 1811 erga
300 1749 423 1796 cives
449 1765 476 1794 a
501 1748 672 1810 quibus
695 1747 815 1793 nihil
851 1747 939 1793 sibi
976 1747 1372 1795 extimescendum
1400 1748 1606 1795 crederet
1636 1765 1645 1795 :

158 1847 282 1894 unde
314 1845 413 1907 jam
451 1845 672 1907 conjicias
696 1861 871 1891 saevum
907 1845 1120 1892 eumdem
1145 1846 1195 1892 in
1223 1851 1408 1893 caeteros
1441 1862 1533 1892 non
1569 1862 1651 1909 per

158 1946 451 2007 voluptatem
495 1948 578 1991 aut
621 1948 744 1990 certo
780 1943 961 2005 pridem
997 1943 1207 2002 consilio,
1254 1944 1333 1990 scd
1370 1960 1464 2006 prae
1498 1949 1645 2003 metu,

158 2043 406 2090 exstitisse.

215 2241 221 2260 '
244 2257 260 2276 ι
291 2238 389 2279 Odit
411 2240 533 2279 frater
557 2251 667 2278 meus
692 2238 864 2291 provin-
931 2238 1062 2287 ticum,
1083 2225 1149 2289 VI,
1171 2254 1208 2289 2,
1229 2239 1265 2279 3.

158 2311 274 2360 ciam3
301 2313 340 2349 ct
363 2310 523 2349 hercule
548 2309 646 2349 nihil
674 2309 864 2359 odiosius,
986 2308 1000 2329 ²
1021 2310 1121 2349 Ann.
1142 2310 1208 2360 IV,
1231 2311 1294 2350 32.

156 2382 252 2422 nihil
270 2381 491 2422 molestius!
525 2398 541 2417 ι
562 2380 703 2421 Cicero
726 2381 777 2420 ad
798 2381 866 2420 At.-
