2118 3308
809 277 947 310 CIRCA
982 276 1212 310 'summum
1703 275 1759 321 91

263 379 452 428 prorsus
490 377 587 411 sese
627 377 701 409 res
742 356 966 409 habuere.·
1007 361 1254 409 Delatores
1294 360 1386 418 illi,
1435 358 1534 421 qui,
1579 357 1767 404 nomine

266 460 700 525 Quadruplatorum
731 460 843 508 olim
877 460 1011 519 dicti,
1051 464 1255 507 veterem
1282 456 1638 520 Rempublicam
1662 460 1768 502 tur-

264 562 376 609 bare
423 559 706 623 jampridem
757 546 1127 616 consueverant,
1176 557 1460 604 certantium
1504 555 1768 603 factionum

265 663 471 707 oratores
520 661 659 705 erant
695 672 705 704 τ
757 656 956 704 aliterne
1001 657 1159 719 potuit
1203 656 1394 703 evenire
1443 660 1499 701 ut
1545 655 1673 702 leves
1722 660 1770 702 et

263 755 493 822 ignobiles
530 755 866 818 plecterentur,
906 753 1018 800 dum
1053 754 1259 801 maxime
1299 753 1561 811 formidati,
1605 749 1770 799 multis

265 858 313 901 et
337 852 610 915 justissimis
633 852 823 915 quidem
847 852 966 900 odiis
992 852 1322 911 circumventi,
1350 851 1444 899 suis
1469 857 1627 898 tamen
1653 867 1770 899 mor-

263 953 353 1001 tuis
379 953 453 1017 (ut
474 952 620 1000 atroci
639 952 885 1014 cujusdam
904 968 1063 999 eorum
1084 968 1195 999 voce
1213 951 1392 1016 utar¹>,
1418 950 1771 1015 superessent2?

263 1051 345 1100 Illi
382 1051 557 1114 priscos
598 1043 884 1113 Reipublicae
929 1066 1079 1097 mores
1119 1051 1403 1098 exercebant
1414 1067 1427 1110 ;
1474 1051 1549 1098 illi
1593 1051 1770 1114 priscas

263 1148 371 1198 Fori
397 1150 687 1213 peragebant
711 1149 762 1196 in
789 1149 939 1197 Curia
963 1148 1336 1208 contentiones5‚
1367 1165 1460 1197 non
1488 1150 1601 1198 adeo
1626 1165 1771 1213 quon-

266 1246 374 1294 dam
410 1248 466 1294 ab
504 1250 693 1294 auctore
725 1244 919 1309 Dz'aloqz'
948 1246 1236 1308 improbatas
1275 1251 1359 1293 aut
1393 1246 1650 1309 despectas⁸
1692 1246 1771 1294 Ci-

266 1345 382 1394 vilia
410 1349 567 1393 autem
594 1344 854 1392 certamina
877 1360 1086 1391 summus
1114 1344 1241 1406 apud
1267 1360 1351 1391 nos
1373 1349 1475 1391 tum
1500 1344 1767 1403 historicus,

266 1449 366 1491 tum
388 1449 542 1506 poeta,
561 1442 670 1504 jure
690 1442 814 1490 dixit
834 1459 927 1490 non
953 1443 1210 1489 libidinum
1232 1443 1386 1503 modo,
1411 1443 1490 1490 sed
1510 1444 1769 1506 praesertim

266 1541 507 1606 officiorum
559 1540 806 1588 certamina
848 1539 974 1588 esse!⁴
1017 1555 1028 1586 ε
1074 1557 1178 1603 quae
1220 1557 1367 1604 quum
1413 1546 1513 1589 tam
1560 1543 1769 1605 amplum

267 1640 490 1688 scelerum
526 1645 808 1703 proventum
851 1640 1015 1687 afferre
1061 1640 1257 1699 soleant,
1304 1640 1531 1688 scelerum
1577 1643 1770 1689 illorum

266 1754 428 1786 causas
462 1739 619 1785 minus
656 1738 994 1786 erubescendas
1029 1755 1123 1786 non
1161 1739 1320 1798 celari,
1363 1739 1582 1787 humanae
1613 1741 1771 1802 digni-

265 1837 618 1896 tatismultum,
647 1842 695 1885 et
719 1838 958 1900 aequitatis
977 1837 1210 1885 historicae
1233 1838 1494 1901 plurimum
1520 1839 1765 1887 intererat.

327 2034 441 2091 Quae
499 2039 671 2082 cuncta
717 2038 961 2097 reputans,
1010 2033 1197 2080 demum
1244 2033 1484 2096 intelliges
1534 2034 1772 2082 infelicem

262 2132 402 2180 illum
415 2132 725 2180 discordantis
747 2132 1030 2195 inexpiabili
1057 2132 1287 2180 violentia
1312 2133 1477 2195 populi
1496 2134 1767 2193 Praesidem,

265 2229 584 2292 pavefactum,
614 2230 875 2289 irritatum,
916 2229 975 2275 ad
1010 2245 1065 2276 ea
1099 2229 1294 2277 tandem
1327 2230 1618 2278 descendisse
1652 2231 1770 2278 faci-

266 2344 382 2376 nora
419 2345 539 2392 quae,
580 2345 663 2391 per
687 2330 841 2391 prima
862 2328 963 2389 jam
990 2328 1261 2391 periculosae
1288 2329 1510 2391 potentiae
1560 2335 1773 2394 tempora

265 2427 596 2490 praesentiens,‘
630 2428 896 2474 horruerat.
951 2427 1056 2474 Non
1106 2428 1231 2474 enim
1282 2443 1424 2488 vana,
1457 2444 1549 2476 non
1594 2430 1771 2492 perfida

268 2524 569 2586 jactabantur
594 2526 866 2589 incipientis
891 2525 1066 2573 Tiberii
1092 2526 1253 2584 verba,
1285 2526 1397 2573 dum
1418 2532 1660 2574 revocaret
1684 2528 1771 2575 Pa-

323 2721 332 2742 ¹
355 2722 466 2762 Plinc
504 2723 540 2762 lc
573 2721 709 2775 jeune,
748 2722 827 2776 Ep.
875 2724 903 2773 Ι,
944 2722 981 2763 5.
1105 2725 1119 2745 ³
1144 2725 1345 2778 Impiaque
1365 2726 1404 2765 in
1427 2726 1556 2765 medio
1575 2738 1772 2778 peragun«

268 2791 352 2832 Mot
367 2792 417 2832 dc
432 2793 576 2833 Metius
594 2793 734 2844 Carus,
751 2797 983 2834 accusateur
1050 2800 1116 2834 tur
1137 2796 1238 2834 bella
1258 2797 1407 2836 Senatu
1427 2794 1639 2849 (Juvenal).

270 2862 319 2902 dc
340 2861 547 2914 senc-cion,
568 2864 590 2904 a
610 2864 799 2918 Regulus.
1106 2865 1121 2885 ⁴
1142 2866 1382 2915 Lamartine,
1414 2866 1503 2906 msc
1541 2867 1605 2907 des
1632 2867 1771 2908 Giron-

325 2931 338 2952 ²
359 2933 458 2972 Ann.
481 2934 546 2983 IV,
568 2934 632 2974 36.
1052 2937 1152 2977 dius.
