2118 3308
550 372 601 423 ‘40
652 386 662 396 ,
1141 378 1200 409 DE
1234 379 1394 411 τΑοιτο

542 465 667 524 plum
694 463 739 508 in
771 470 997 522 posterum
1025 460 1256 517 ederetur,
1287 460 1498 520 quodque
1518 460 1566 507 in
1602 459 1699 506 dies
1733 459 2010 507 efflorescens

543 556 805 604 Germanic-i
828 554 993 601 bellica
1012 554 1113 600 laus
1133 551 1376 614 praeterita)
1396 553 1567 600 Tiberii
1586 554 1742 615 gloriae
1760 554 2006 602 officiebat.

543 654 636 701 Nec
662 668 767 698 vero
801 651 1016 698 aemulum
1042 665 1175 696 suum
1212 649 1288 696 hic
1312 664 1495 710 sperare
1521 650 1682 699 debuit
1706 651 1842 698 facile
1868 651 2010 712 impe-

543 749 661 795 rium
690 748 880 794 alterius
913 747 1217 792 toleraturum
1232 761 1244 802 ;
1274 751 1434 793 tantus
1459 746 1623 794 victori
1649 747 1849 795 Arminii
1889 748 2010 809 apud

545 850 763 912 populum
801 849 1034 910 sociosque
1071 848 1221 906 favor,
1264 852 1361 894 tam
1404 853 1590 910 accepta
1632 849 1792 897 multis
1831 849 2011 896 familia

544 946 658 1005 ejus,
702 962 802 1006 quae
837 945 1019 991 civilem
1060 944 1266 990 animum
1300 949 1346 990 et
1370 945 1647 1003 castitatem,
1685 947 1758 993 vel
1785 947 2012 1008 corruptis

546 1042 809 1097 verendam,
845 1045 1126 1097 ostentaret;
1172 1045 1267 1085 tam
1305 1040 1473 1087 validae
1517 1040 1565 1087 in
1607 1056 1748 1088 manu
1790 1042 2006 1104 legiones,

546 1154 661 1199 quae,
692 1155 770 1199 per
797 1139 919 1184 bella
944 1138 1103 1183 civilia
1128 1137 1381 1185 ditescendi
1406 1139 1584 1200 copiam
1605 1138 1703 1199 jam
1727 1155 1817 1187 non
1843 1141 2013 1188 haben-

546 1241 628 1291 tes,
667 1235 763 1280 tale
794 1234 1138 1291 detrimentum,
1167 1235 1403 1296 Principes
1421 1235 1684 1283 extollendo
1710 1237 1792 1283 vel'
1821 1239 2020 1290 subver-

546 1306 700 1387 tendo,
743 1337 877 1376 erant
920 1335 1193 1392 pensaturae.
1238 1331 1355 1391 Ergo
1394 1330 1654 1378 Germanici
1694 1331 2012 1395 libertatisque

546 1427 743 1474 reditum
789 1427 906 1473 clam
947 1427 1222 1488 parantibus
1259 1427 1433 1486 multis,
1473 1428 1684 1489 pluribus
1725 1429 2011 1491 optantibus,

547 1523 922 1583 exspect-antibus
953 1522 1199 1581 universis,
1229 1523 1411 1570 Tiberio
1437 1523 1650 1586 princeps
1682 1525 1808 1571 locus
1832 1524 2014 1571 demum

547 1618 842 1676 commodari,
883 1634 935 1664 ac
973 1619 1293 1666 brevissimum
1335 1619 1519 1681 quidem
1561 1620 1619 1666 ad
1654 1625 1851 1682 tempus,
1886 1621 2014 1668 vide-

547 1714 701 1760 batur.

613 1812 745 1857 Hanc
770 1812 864 1872 ipse
889 1826 1042 1857 rerum
1059 1811 1362 1857 mutationem
1381 1810 1681 1872 praesentiens
1702 1811 2012 1873 ingruentem,

550 1908 738 1954 minime
756 1907 1022 1953 simulatam
1042 1906 1383 1953 cunctationem
1407 1906 1705 1967 praeferebat3
1726 1908 1896 1969 quippe
1915 1909 2013 1970 qui,

554 2005 622 2052 vel
651 2010 858 2066 suscepto
886 2004 1067 2065 imperii
1105 2019 1256 2060 onere,
1295 2008 1528 2064 receptum
1562 2003 1651 2049 sibi
1689 2003 1747 2050 ad
1786 2004 2042 2065 privatam⁴

549 2103 857 2149 conditionem
896 2101 1126 2162 sapientia
1159 2116 1298 2161 quam
1340 2100 1540 2147 maxime
1571 2100 1766 2162 provida
1790 2101 1887 2151 ,diu
1925 2116 2017 2147 ser—

552 2200 733 2247 vaverit-
755 2199 785 2245 ¹.
830 2201 924 2245 lmo
958 2214 1047 2245 non
1083 2198 1441 2244 dominationem
1479 2197 1629 2255 modo,
1670 2197 1748 2243 sed
1787 2202 1834 2243 et
1871 2197 2014 2244 vitam

550 2313 680 2344 suam
707 2297 906 2343 inimicis
931 2311 1211 2357 praegravem
1232 2300 1377 2352 ratus,
1402 2309 1493 2341 non
1520 2310 1567 2341 se
1587 2294 1723 2340 aliter
1744 2299 1897 2341 tutum
1921 2295 2033 2341 fore

552 2395 771 2456 speravit,
817 2410 952 2455 quam
998 2393 1036 2439 si
1074 2393 1341 2440 valetudine
1382 2391 1639 2439 imbecillus
1679 2406 1876 2453 moxque
1920 2407 2016 2438 mo-

554 2494 726 2538 riturus
752 2491 1095 2538 existimaretur
1107 2489 1143 2537 ².

616 2682 684 2727 Ne
709 2682 803 2727 suis
827 2682 1011 2742 quidem
1037 2686 1197 2727 contra
1222 2679 1324 2727 illos
1350 2679 1635 2726 adversarios
1656 2679 1794 2725 fidere
1816 2683 2012 2739 poterat,

554 2795 693 2839 quum
719 2779 815 2839 ipse
837 2779 972 2835 filius,
1006 2778 1197 2835 Drusus,
1230 2778 1411 2837 ingenio
1445 2775 1673 2822 violentus
1707 2780 1751 2821 et
1788 2774 1844 2820 ad
1873 2790 2018 2835 asper-

612 3004 618 3022 ¹
646 3002 717 3041 Dio
740 3003 848 3041 (fuss.
872 3002 988 3050 Lvn,
1011 3015 1047 3054 p.
1070 3002 1161 3050 (⁷503,
1182 3002 1228 3039 l».
1377 3001 1389 3020 ²
1411 2997 1484 3037 nio
1506 2999 1614 3038 Cass.
1639 2999 1749 3048 ΙΝΙΙ,
1770 3011 1808 3050 p.
1828 2998 1904 3036 603
1927 2997 1974 3038 D.
