2118 3308
516 343 575 388 70
1126 343 1186 376 DE
1219 342 1380 378 TAclro

512 427 736 483 spectant.
767 423 920 478 Quum
945 423 1067 470 enim
1095 423 1321 483 jubentur
1345 426 1499 473 cuncti
1524 430 1622 474 tum
1647 426 1848 484 Graeeiae,
1876 430 1976 473 tum

514 518 635 565 Asiae
670 519 828 581 populi
868 519 1146 581 religionum
1185 537 1373 568 suarum
1410 522 1548 584 leges,
1591 523 1742 570 missis
1773 522 1979 584 undique

513 614 694 675 legatis,
725 614 916 661 Senatui
938 615 1249 677 disceptatum
1273 617 1466 676 deferre,
1509 618 1751 665 historicus
1786 623 1885 664 tum
1908 618 1980 664 de-

515 709 666 756 11111111Ι
695 710 751 756 de
778 710 920 757 variis
945 710 1256 770 subjectarum
1282 713 1525 760 nationum
1548 714 1814 760 numinibus
1838 718 1884 760 et
1901 728 1980 759 cae-

514 806 724 852 rimoniis
757 807 961 868 plurima
996 812 1201 866 enarrat,
1238 812 1285 853 et
1319 806 1388 853 ita
1421 812 1583 854 narrat
1605 813 1660 854 ut
1682 807 1982 854 dominatoris

516 903 731 965 superbia
757 903 910 965 potius
934 919 1075 965 quam
1099 903 1268 949 tutoris
1302 902 1564 950 sollicitudo
1596 904 1645 950 in
1671 904 1800 950 illius
1831 903 1983 950 verbis

518 999 852 1060 quodammodo
874 1000 1048 1060 spirare
1072 999 1303 1046 videatur.
1332 999 1427 1046 Nec
1445 1000 1620 1046 invitus
1639 1005 1844 1046 moratur
1863 999 1983 1046 circa

518 1096 814 1143 memorabile
839 1096 958 1142 illud
995 1096 1207 1142 undecim
1238 1096 1598 1142 clarissimarum
1626 1096 1868 1142 civitatum
1894 1111 1984 1142 eer-

518 1198 674 1240 tamen
701 1193 756 1239 de
776 1192 1021 1239 statuendo
1040 1192 1211 1254 templo
1232 1193 1349 1238 Urbi
1362 1193 1528 1249 Romae,
1550 1207 1688 1254 quam
1706 1183 1867 1253 nempe
1885 1191 1984 1238 orbi

518 1289 761 1346 universQ
803 1304 930 1350 aeque
970 1304 1022 1334 ac
1062 1288 1175 1346 sibi,
1224 1305 1245 1332 (ι
1279 1288 1445 1334 summi
1485 1287 1688 1333 numinis
1733 1285 1914 1333 instar²
1957 1305 1979 1332 >³

518 1385 691 1432 factam
711 1400 806 1431 esse
831 1383 1032 1445 gaudetff·
1056 1399 1066 1430 z
1089 1384 1166 1430 sed
1185 1383 1240 1430 de
1257 1383 1460 1444 ipsarum
1478 1382 1820 1444 provinciarum
1838 1387 1979 1440 statu,

518 1481 680 1544 priscis
695 1481 941 1539 institutis,
967 1480 1110 1526 variis
1129 1479 1350 1538 moribuS,
1362 1479 1497 1537 votis,
1520 1478 1750 1525 rarissime
1769 1478 1979 1525 disserit:

519 1578 708 1625 illarum
731 1577 945 1624 intimam
973 1593 1026 1623 ac
1049 1577 1329 1638 peculiarem
1350 1575 1496 1622 vitam
1520 1575 1709 1622 minime
1732 1575 1986 1637 perspicere

526 1675 696 1732 st'udet,
714 1674 971 1735 -cladesque
995 1673 1145 1719 libens
1170 1677 1408 1730 memorat,
1437 1671 1615 1733 quoties
1638 1672 1852 1718 Romanae
1876 1671 1986 1718 libe-

519 1771 701 1818 ralitati
723 1770 986 1817 exereendae
1012 1769 1162 1815 locum
1185 1768 1428 1815 dederunt.

583 1867 879 1914 Paucissimis
903 1866 1048 1928 igitur
1081 1881 1134 1912 ac
1168 1864 1450 1911 brevissimis
1480 1862 1748 1910 excursibus
1783 1862 1889 1909 illas
1922 1862 1988 1909 di-

523 1969 694 2025 gnatur
720 1963 943 2024 regiones,
975 1977 1059 2008 nec
1093 1977 1139 2007 se
1173 1962 1316 2006 Roma
1349 1959 1574 2006 dimoveri
1606 1959 1734 2017 sinit,
1774 1958 1863 2005 nisi
1896 1958 1988 2005 vic-

520 2061 657 2107 trices
696 2060 929 2122 legionum
969 2059 1150 2121 aquilas
1185 2062 1532 2115 consecuturus,
1576 2062 1657 2103 aut
1689 2072 1760 2103 res
1798 2055 1910 2102 artis
1943 2061 1989 2102 et

524 2162 702 2203 naturae
744 2156 980 2217 paulisper
1025 2154 1262 2201 invisurus
1306 2169 1317 2199 ε
1362 2153 1452 2211 sic,
1496 2152 1766 2199 Germanico
1805 2152 1983 2210 similis,

522 2255 774 2315 AEgyptum
792 2252 962 2298 lustrat
979 2251 1133 2297 minus
1156 2250 1365 2296 levandae
1383 2249 1632 2311 provinciae
1651 2264 1789 2311 quam
1809 2265 1993 2310 cognos-

524 2348 678 2395 cendae
705 2346 1002 2407 antiquitatis
1021 2361 1159 2392 causa
1185 2360 1194 2391 :
1227 2345 1356 2406 atqui
1382 2344 1455 2390 vel
1486 2361 1507 2388 «
1536 2343 1795 2390 Thebarum
1820 2359 1990 2405 magna

525 2444 738 2504 vestigia,
765 2460 786 2487 »
812 2443 882 2489 vel
900 2442 997 2489 Nili
1018 2447 1064 2487 et
1085 2440 1386 2502 Pyramidum
1408 2440 1634 2486 miracula
1657 2440 1989 2501 contemplanti

525 2545 796 2588 obversatur
842 2541 1069 2602 praecipue
1107 2539 1276 2600 speeies
1323 2540 1537 2585 Romanae
1573 2539 1805 2600 potentiae,
1851 2526 1989 2600 (luam

527 2642 651 2686 ultra-
688 2640 800 2686 fines
828 2638 1100 2685 §es-ostriani
1134 2636 1319 2698 Imperii
1354 2651 1478 2683 nunc
1501 2641 1747 2698 patescere,
1777 2636 1986 2697 superbe,

527 2754 606 2799 per
633 2738 752 2783 lianc
778 2736 1078 2794 occasionem,
1107 2732 1410 2796 proclamati.

581 2895 588 2916 ¹
614 2897 764 2944 Festus,
787 2896 849 2943 ΙΙΙ,
866 2893 1012 2932 60-(53.
1349 2890 1363 2910 ³
1385 2889 1483 2928 Anu.
1506 2887 1570 2934 IV,
1592 2886 1654 2935 55,
1675 2886 1738 2927 56.

582 2965 595 2985 ²
620 2964 837 3008 Pharsalia.
1350 2959 1362 2980 ⁴
1386 2960 1430 3008 ll,
1449 2958 1513 3007 60,
1533 2958 1597 2998 61.
