2118 3308
856 621 940 668 VI.

143 791 346 850 TIBERII,
372 804 466 837 VEL
499 804 549 837 lN
584 803 726 836 PEJUS
760 803 958 848 MUTATI,
1000 803 1122 835 BONA
1165 801 1378 841 QUAEDAM
1412 801 1442 834 A
1476 799 1641 834 TACITO

519 902 612 935 VEL
648 902 830 946 OMISSA,
869 901 961 934 VEL
996 899 1257 934 DETRACTA.

205 1099 236 1146 J
239 1114 312 1146 am
341 1099 398 1146 ad
421 1100 727 1162 posteriorem
753 1101 994 1149 Tiberiani
1020 1100 1315 1164 principatus
1343 1104 1526 1163 partem
1559 1097 1638 1146 de-

141 1196 311 1245 ductus
329 1198 485 1266 venio,
511 1214 594 1260 per
613 1215 758 1261 quam
777 1200 993 1258 Romani,
1018 1214 1099 1246 suo
1123 1215 1229 1246 cum
1246 1203 1440 1256 rectore,
1471 1200 1641 1244 cuncta

142 1297 191 1343 in
221 1295 406 1359 flagitia
430 1304 750 1360 proruperunt
778 1315 788 1346 :
818 1314 976 1361 quam,
1013 1299 1287 1346 saeculorum
1323 1294 1641 1344 exsecratione

142 1393 351 1456 dignam,
380 1410 435 1441 ea
456 1394 644 1457 pictura
670 1390 922 1457 castigavit
946 1395 1198 1443 acerrimus
1222 1395 1304 1442 ille
1329 1400 1641 1458 tyrannorum

141 1493 534 1555 adulatorumque
567 1493 839 1554 insectator,
867 1501 923 1542 ut
942 1495 1225 1558 quicumque
1250 1494 1370 1541 talia
1393 1493 1640 1541 defendere

143 1591 398 1654 susceperit
432 1592 509 1639 vel
548 1609 794 1653 excusare,
838 1593 951 1641 adeo
992 1593 1227 1640 socordem
1264 1598 1454 1655 propter
1478 1590 1641 1658 *auda-

141 1690 262 1739 ciam
287 1689 396 1751 jure
420 1690 694 1738 irrideatur.
736 1691 842 1752 Sed,
881 1708 1028 1754 quum
1066 1691 1181 1739 satis
1201 1696 1203 1698 ’
1209 1690 1312 1752 jam
1345 1707 1427 1753 per
1463 1706 1510 1737 se
1542 1682 1645 1737 hor-

141 1793 279 1837 reant
304 1804 358 1836 ac
381 1789 605 1836 sordeant
626 1788 746 1836 talia
771 1794 1001 1852 tempora,
1030 1789 1195 1837 debuit
1216 1788 1642 1852 profecto'histori·

143 1903 223 1934 cus
254 1886 481 1948 aequitate
518 1886 592 1933 uti
629 1903 773 1949 quam
806 1887 1044 1947 maxima,
1079 1887 1360 1950 proprioque
1394 1903 1447 1934 ac
1485 1892 1642 1934 nostro

143 1983 292 2031 dolori
334 2000 548 2046 parcens,
592 1984 774 2031 artibus
810 1984 1044 2031 abstinere
1082 2001 1185 2046 quae
1222 1989 1544 2047 portentosum
1592 1985 1642 2032 in

147 2081 337 2129 modum
363 2081 505 2129 nimis
529 2081 764 2144 insignem
792 2081 1087 2130 atrocitatem
1113 2088 1354 2145 augerent.

211 2181 276 2229 At
300 2181 438 2244 longe
464 2180 601 2229 aliter
626 2181 832 2228 Tacitus.

206 2378 362 2426 Primo
388 2379 529 2439 enim,
570 2394 675 2441 quae
699 2378 896 2427 meliora
924 2383 972 2426 et
996 2378 1232 2441 prioribus
1270 2380 1398 2428 haud
1423 2382 1640 2446 indigna,

141 2477 218 2526 vel
243 2476 548 2541 postTiberii
573 2477 901 2537 mutationem,
931 2484 1200 2539 occurrunt,
1228 2480 1536 2544 autnegligit
1563 2487 1647 2530 aut

145 2576 354 2624 detrahit
387 2592 398 2624 z
437 2576 682 2638 perplexos
720 2575 898 2623 scilicet
937 2577 1153 2624 laborum
1194 2594 1410 2627 numeros
1452 2580 1641 2643 quibus,

142 2681 243 2723 tam
264 2676 362 2723 late
386 2680 627 2737 patentem
655 2674 1114 2723 administrationem
1135 2679 1370 2725 constanti
1393 2679 1643 2741 sagacique

146 2780 302 2822 mente
345 2773 643 2836 complexus,
696 2774 900 2835 Augusti
954 2789 1186 2822 successor
1231 2775 1416 2823 tamdiu
1456 2793 1538 2838 per
1574 2783 1645 2824 tot

150 2878 310 2934 gentes
345 2872 548 2934 quietem
585 2887 638 2918 ac
675 2870 971 2919 securitatem
1011 2871 1376 2932 confirmaverit,
1411 2889 1642 2938 nusquam
