2118 3308
864 677 955 724 III.

163 860 337 892 TIBERII
372 860 494 892 ANTE
528 860 720 892 PARTAM
761 860 1123 894 DOMINATIONEM
1157 859 1266 892 VITA
1302 860 1331 891 A
1366 858 1532 892 TACITO
1566 859 1661 892 NON

515 957 620 990 SINE
654 957 975 993 MALIGNITATE
1009 956 1276 992 REVOCATA.

226 1145 398 1203 Quum,
424 1145 471 1190 in
498 1145 638 1190 rebus
664 1144 839 1191 Tiberii
865 1143 1194 1203 memorandis,
1219 1143 1409 1190 Tacitus
1432 1159 1663 1190 annorum

159 1243 368 1291 ordinem
394 1246 579 1290 secutus
604 1242 666 1288 sit
717 1241 839 1305 (quae
864 1242 1054 1305 quidem
1076 1241 1228 1288 forma
1247 1258 1339 1289 non
1367 1242 1664 1289 mediocriter

160 1341 490 1389 obtrectationi
516 1340 766 1388 convenire
792 1340 1051 1403 videatur),
1099 1339 1242 1387 liceat
1278 1346 1325 1386 et
1363 1339 1496 1386 nobis
1530 1339 1663 1386 illam

162 1441 481 1488 narrationem
529 1427 914 1487 examinantibus
957 1444 1220 1501 temporum
1272 1450 1455 1502 quoque
1497 1438 1662 1485 ordine

160 1538 369 1602 perduci.

225 1638 293 1685 Ea
311 1636 461 1699 igitur
480 1636 581 1697 jam
613 1636 817 1698 primum
849 1635 1122 1683 intueamur
1154 1651 1258 1698 quae
1287 1635 1338 1682 in
1382 1634 1659 1695 Annalibus,

161 1736 218 1783 de
239 1739 344 1782 acta
378 1734 554 1782 Tiberii
582 1739 691 1780 ante
716 1738 902 1796 partam
938 1733 1306 1780 dominationem
1352 1733 1452 1779 vita
1487 1732 1663 1795 passim

160 1833 402 1896 obiterque
419 1832 550 1894 jacta
575 1838 701 1879 sunt.
755 1832 956 1879 Pessime
982 1832 1108 1894 apud
1135 1832 1332 1879 Annales
1368 1837 1495 1879 totus
1520 1848 1664 1895 popu-

160 1933 234 1980 lus
251 1937 511 1994 auguratur
533 1931 591 1978 de
617 1930 817 1978 Claudio
838 1930 938 1990 illo,
978 1931 1029 1977 in
1055 1931 1276 1993 superbia
1314 1931 1478 1978 domus
1500 1947 1665 1994 regna-

162 2032 293 2079 tricis
317 2031 483 2078 educto
508 2047 518 2077 1
566 2013 716 2093 atqui,
745 2031 783 2077 si
812 2030 871 2076 ad
901 2029 1018 2076 alios
1043 2029 1304 2090 historicos,
1336 2031 1485 2078 multo
1505 2031 1663 2077 minus

162 2130 405 2188 facundos,
436 2129 516 2176 sed
542 2145 633 2175 non
655 2129 804 2175 multo
829 2129 985 2176 minus
1011 2145 1195 2191 graves,
1224 2130 1500 2192 respexeris,
1531 2129 1664 2177 Tibe—

163 2228 262 2275 rius
298 2226 422 2274 idem
446 2227 530 2274 ille
555 2226 761 2290 plurima
789 2232 871 2273 aut
909 2226 960 2273 in
986 2227 1126 2286 bello,
1177 2232 1260 2274 aut
1284 2227 1335 2273 in
1375 2232 1486 2289 toga
1524 2234 1664 2275 antea

164 2331 384 2389 gesserat,
411 2325 584 2388 populo
610 2341 703 2372 non
728 2325 950 2387 ingrata:
1005 2325 1198 2384 scilicet,
1229 2325 1461 2373 decimum
1486 2342 1663 2374 nonum
1690 2331 1694 2334 “

166 2440 343 2471 annum
370 2440 529 2486 agens,
558 2440 640 2487 pro
665 2440 745 2471 sex
769 2424 997 2472 sociorum
1021 2424 1298 2490 civitatibus
1324 2425 1591 2487 Augustum
1612 2442 1666 2473 ac

167 2522 390 2570 Senatum
416 2522 691 2584 deprecatus
717 2528 819 2569 erat
837 2522 879 2581 1;
926 2522 1250 2584 gravissimam
1278 2539 1474 2570 annonae
1504 2540 1664 2571 euram

166 2621 293 2668 haud
318 2621 601 2683 improspere
626 2621 1056 2680 administraverat,
1093 2622 1367 2685 Italicisque
1414 2625 1666 2685 ergastulis

167 2719 291 2765 cives
315 2719 602 2766 liberaverat
628 2735 743 2780 quos
775 2719 952 2766 domini
980 2720 1233 2782 locupletes
1261 2737 1313 2767 ac
1345 2722 1557 2784 plerique
1577 2724 1667 2769 No-

168 2817 302 2876 biles,
323 2833 403 2878 per
421 2817 616 2864 insidias
634 2823 865 2879 excep'ws,
893 2818 1292 2880 suppresserant?
1323 2821 1518 2867 Fatebor
1541 2822 1665 2869 ‹lam-

227 2994 233 3013 ¹
259 2995 436 3036 Suetonii
475 2995 662 3045 Tiberius,
686 2997 785 3037 Vlll.
894 2987 900 2993 ’
1009 2999 1021 3017 ’·’
1044 3000 1222 3039 suetonii
1252 3000 1439 3051 Tiberius,
1464 3001 1566 3040 wll.
