2118 3308
661 306 798 341 CIRCA
831 305 1061 339 TIBERmM
1549 280 1613 336 65

130 387 283 436 clades
308 389 358 435 in
384 388 533 436 lucem
560 389 766 437 efferunt
790 392 838 437 et
862 393 1116 436 ostent-ant.
1146 375 1294 450 Atqui
1314 402 1372 434 ex
1391 386 1476 434 ill-a
1500 401 1630 448 praem

129 486 263 548 cipue
306 487 617 535 multitudine
658 489 856 551 quisque
905 493 1087 535 constat
1134 487 1334 549 populus
1357 525 1370 546 ,
1424 500 1619 548 eamque

131 584 253 631 nulli
286 586 411 645 viro,
451 586 533 648 qui
572 592 656 634 aut
689 587 958 634 hominibus
990 586 1220 648 imperare
1248 590 1331 632 aut
1355 600 1427 632 res
1451 584 1621 631 huma-

131 697 216 728 nas
252 697 472 731 enarrare
513 685 782 748 susceperit,
826 691 1121 733 contemnere
1165 683 1240 731 vel
1279 683 1515 746 negligere
1550 683 1622 731 fas

132 779 346 827 dixerim.
387 781 581 830 Minime
619 788 774 831 autem
803 785 859 830 ab
886 782 1090 846 Augusti
1119 782 1331 844 Juliique
1366 796 1623 830 successore

133 877 458 938 negligebatur
489 894 498 926 :
531 880 623 926 imo
649 896 834 942 operam
866 881 1070 927 maxime
1108 879 1343 927 assiduam
1376 884 1424 926 et
1457 878 1625 925 sollici-

133 980 228 1022 tam
261 975 334 1022 illi
365 977 563 1024 navavit
595 978 829 1038 Tiberius,
869 979 945 1025 cui
984 979 1241 1041 sapientem
1275 964 1399 1024 hanc
1432 975 1628 1038 diligen-

133 1073 248 1119 tiam
272 1074 514 1136 Augustus
533 1076 630 1138 ipse
649 1081 751 1123 tum
778 1077 1020 1138 exemplis,
1045 1082 1148 1123 tum
1172 1075 1400 1139 supremis
1420 1074 1627 1123 consiliis

135 1171 557 1220 commendaverat.

197 1269 385 1317 Tacitus
412 1286 537 1330 vero,
570 1270 792 1333 ignobilis
824 1272 1076 1334 plebeculae
1107 1271 1255 1318 multo
1291 1271 1445 1318 minus
1477 1269 1629 1317 curio-

134 1382 227 1425 sus,
257 1372 411 1413 mutas
434 1366 542 1414 illas
561 1373 608 1415 et
631 1369 910 1416 umbratiles
933 1368 1299 1416 administrandi
1320 1374 1442 1415 artes
1461 1369 1631 1416 leviter

134 1464 437 1527 praestringit,
480 1471 563 1512 aut
589 1466 740 1513 obiter
766 1473 813 1514 et
837 1467 1010 1529 raptim
1035 1466 1266 1526 indicans,
1298 1471 1381 1513 aut
1407 1483 1500 1514 non
1530 1468 1630 1515 sine

135 1561 338 1624 quadam
373 1562 672 1624 malignitate
708 1564 994 1626 spernaciter
1020 1579 1214 1626 carpens
1243 1579 1253 1611 :
1282 1564 1365 1611 vix
1403 1565 1526 1612 enim
1563 1565 1631 1612 rei

135 1659 456 1707 frumentariae
483 1661 829 1708 abundantiam>
844 1661 1065 1722 majorem
1085 1677 1228 1725 quam
1254 1663 1339 1709 sub
1363 1663 1572 1724 Augusto
1586 1660 1626 1722 s,

136 1757 319 1804 labores
342 1756 398 1804 de
425 1757 515 1804 viis
540 1763 693 1805 totam>
716 1774 799 1821 per
825 1757 1015 1806 Italiam
1040 1757 1359 1819 sternendis2,
1393 1760 1632 1823 Principa-

137 1855 323 1918 lemque
373 1855 743 1902 munificentiam
765 1892 778 1914 ,
827 1855 988 1902 deusto
1031 1855 1297 1916 Aventino,
1348 1861 1575 1903 memorat
1615 1873 1628 1903 .·

138 1953 340 2016 denique
366 1954 679 2000 instauratam
719 1969 745 1999 a
770 1953 954 2000 Tiberio
990 1953 1139 2015 legem
1177 1969 1273 2016 qua
1297 1952 1451 2002 Caesar
1486 1954 1631 2001 dicta-

138 2057 212 2099 tor
236 2051 440 2099 foenebre
465 2052 642 2099 malum
679 2066 901 2111 coercere,
942 2057 989 2098 et
1015 2067 1052 2105 ,a
1088 2067 1146 2099 re⁴
1175 2052 1440 2099 nummaria
1465 2068 1630 2100 avaros

141 2149 316 2196 civium
356 2150 534 2197 animos
577 2150 636 2196 ad
674 2150 911 2211 agrarium
953 2149 1161 2205 laborem
1195 2156 1466 2198 convertere
1500 2151 1630 2198 nisus

143 2253 259 2306 erat,
288 2249 353 2295 sic
372 2248 579 2311 exponit,
602 2253 656 2294 ut
675 2246 953 2293 mutationis
976 2251 1072 2293 tam
1094 2248 1381 2307 necessariae,
1404 2253 1503 2296 tam
1522 2264 1630 2297 vere

143 2346 402 2410 popularis,
429 2346 694 2393 laudabiles
720 2361 869 2392 causae
898 2361 1040 2408 prope
1069 2346 1257 2393 omnino
1282 2346 1482 2407 lateant,
1518 2347 1629 2394 dum

149 2451 470 2492 accusatorum
502 2445 802 2491 foeneratores
832 2443 1213 2505 irrumpentium,
1243 2460 1351 2492 mox
1375 2444 1632 2508 repentinae

147 2544 274 2592 illius
293 2544 410 2607 legis
427 2543 716 2591 incommoda
736 2547 782 2589 et
798 2542 1036 2589 inutilitas
1050 2548 1348 2591 ostentantur
1361 2542 1398 2591 ⁴.
1418 2544 1634 2607 Inopiam

147 2642 215 2690 rei
235 2641 512 2690 nummariae
529 2646 644 2688 tunc
665 2644 870 2687 secutam
895 2655 987 2686 non
1013 2640 1191 2687 omittit
1214 2640 1274 2688 ad
1298 2640 1537 2689 Tiberium
1562 2655 1634 2689 re-

204 2820 214 2844 ¹
238 2821 337 2863 Ann.
357 2819 424 2871 Vl,
449 2818 510 2860 13.
976 2816 991 2838 ³
1012 2815 1111 2856 Ann.
1131 2815 1199 2865 Vl,
1219 2813 1285 2866 45.

205 2892 218 2912 ²
242 2891 303 2941 111,
340 2904 404 2931 2¹.
425 2913 475 2919 —-
501 2889 576 2929 Dio
613 2888 724 2929 Cass.
762 2888 856 2937 Lm,
978 2886 992 2907 ⁴
1020 2884 1078 2926 16.

151 2975 191 3014 p.
212 2960 301 3009 511,
324 2959 386 3008 D.‚
410 2957 500 3007 526,
523 2957 567 2997 Β.
