2118 3308
573 344 645 389 38.
1175 358 1232 389 na
1265 356 1427 390 ἰἈοιτο

583 459 669 489 non
698 447 1014 503 praenietucret
1038 440 1263 496 Tiberius,
1297 438 1503 486 conscius
1533 454 1712 501 quoque
1746 454 1792 484 se
1833 437 1943 484 novi
1977 454 2043 485 re-

570 554 669 584 rum
706 544 855 584 status
882 537 1089 583 hostibus
1115 535 1412 597 peculiariter
1436 535 1638 582 invisum
1665 550 1718 581 ac
1741 540 1960 597 spretum,
1988 541 2042 581 ut

572 634 669 694 qui,
699 638 834 694 gente
860 631 997 678 ortus
1017 631 1164 693 plebis
1189 631 1269 676 diu
1296 629 1662 692 spernacissima,
1701 635 1834 692 patre
1858 629 2042 691 genitus

572 729 755 776 auctore
801 729 1089 790 praemiorum
1132 727 1439 789 tyrannicidis
1480 727 1624 774 Bruto
1664 728 1911 790 Cassioque
1953 728 2042 774 sol-

575 830 825 876 vendorum
841 867 852 886 ‚
904 829 999 889 ipse
1041 833 1193 873 tamen
1245 827 1475 874 Caesarum
1524 825 1740 888 potestati
1789 826 2045 874 famulatus

571 932 672 972 erat
690 926 722 983 ¹,
770 925 1084 985 diuturnaque
1117 939 1197 984 per
1231 923 1493 986 opprobria,
1522 924 1734 981 extorris,
1780 927 1826 970 et
1851 922 2042 984 impros-

573 1038 679 1082 pero
718 1037 819 1067 cum
857 1021 1033 1066 famosa
1080 1019 1343 1066 eorumdem
1390 1018 1621 1066 Caesarum
1670 1019 1766 1066 filia
1814 1018 2043 1066 connubio

575 1117 813 1174 ridiculus,
839 1117 895 1162 ad
923 1115 1179 1177 principale
1201 1114 1441 1176 erepsisset
1464 1115 1739 1176 fastigium?

639 1215 767 1260 Bona
800 1212 986 1274 quidem
1022 1211 1229 1273 pristinae
1254 1211 1485 1257 libertatis
1507 1210 1765 1272 Optimates
1792 1212 1861 1259 illi
1901 1212 2043 1259 disse-

574 1327 672 1357 rere
698 1311 922 1366 solebant‚
956 1309 1035 1355 sed
1059 1324 1318 1370 supremam
1344 1307 1723 1367 dominationem,
1761 1315 1815 1355 ut
1843 1309 2045 1371 praedam

576 1406 877 1453 audacissimo
917 1405 1082 1466 cuique
1131 1405 1350 1462 oblatam,
1398 1405 1535 1451 simul
1581 1406 1861 1467 appetebant
1900 1421 1910 1451 :
1952 1421 2048 1452 non

578 1504 713 1564 pauci
750 1508 903 1548 autem
943 1502 1128 1547 domum
1166 1501 1423 1548 Caesaream
1454 1501 1650 1563 origine,
1692 1502 1842 1560 fama,
1884 1503 2047 1564 opibus

577 1602 826 1663 aequabant
840 1615 852 1657 3
883 1615 1077 1661 quorum
1102 1599 1355 1660 praecipuos
1381 1599 1580 1646 moriens
1603 1599 1841 1660 Augustus
1871 1615 2048 1647 succes-

579 1698 665 1743 sori
706 1712 785 1743 suo
811 1696 1172 1743 denuntiaverat
1185 1694 1221 1754 ²,
1251 1711 1478 1758 unusque,
1507 1696 1774 1758 Agrippinae
1803 1703 2043 1759 cognatus,

581 1794 763 1855 injungi
793 1809 911 1840 novo
943 1792 1141 1854 principi
1167 1792 1339 1839 laboris
1363 1792 1505 1839 socios
1525 1808 1677 1839 coram
1702 1798 1867 1840 senatu
1891 1801 2048 1855 postu-

584 1895 679 1939 lare
700 1908 838 1938 ausus
857 1890 972 1938 est5.
1001 1892 1030 1938 J
1035 1906 1108 1936 am
1134 1890 1447 1936 moliebantur
1470 1906 1541 1937 res
1568 1905 1711 1937 novas
1732 1889 1846 1937 Libo
1872 1891 2050 1936 Drusus

581 1996 626 2036 et
656 1989 882 2045 Clemens,
911 1993 1161 2034 contumax
1181 1987 1262 2034 ille
1298 1987 1514 2053 Agrippae
1548 2003 1723 2045 servus,
1753 1987 2002 2034 multorum
2028 2004 2052 2034 e

584 2090 716 2134 domo
757 2085 926 2133 Tiberii
971 2084 1115 2146 ipsius
1162 2083 1327 2130 studiis
1373 2099 1631 2145 magnoque
1681 2084 1953 2131 Senatorum
2007 2091 2054 2131 et

587 2183 806 2245 Equitum
835 2197 1021 2229 numero
1057 2179 1391 2228 sustentatus⁴.

657 2282 719 2327 Ea
759 2296 865 2327 vero
902 2278 1117 2324 nutantis
1155 2277 1307 2323 adhuc
1342 2275 1516 2323 domini
1551 2276 1759 2337 pericula
1790 2277 1935 2324 serius
1964 2291 2052 2324 me·

590 2377 810 2425 morando
828 2375 1016 2422 Tacitus
1036 2373 1300 2420 attenuavit
1314 2372 1349 2420 5.
1372 2373 1594 2420 Libonem
1615 2388 1797 2434 quoque
1819 2372 2054 2420 vecordem

591 2482 636 2520 et
673 2474 865 2521 facilem*
900 2470 1120 2517 inanibus
1156 2468 1308 2527 finxit,
1348 2483 1649 2530 securumque
1687 2483 1840 2515 coram
1883 2468 1965 2514 illo
2007 2483 2058 2515 ac

591 2570 771 2633 placide
801 2569 1021 2631 perfidum
1059 2567 1323 2623 Tiberium;
1362 2565 1523 2612 debuit
1546 2570 1703 2612 tamen
1729 2565 1881 2612 minus
1905 2581 2061 2613 vecors

593 2685 731 2731 quam
769 2666 985 2728 potentiae
1011 2663 1198 2711 inhians
1226 2662 1370 2708 videri
1409 2660 1637 2707 Patricius
1663 2661 1758 2719 ille,
1797 2662 1877 2723 qui
1902 2662 2060 2724 Magos

652 2842 658 2859 ⁴
685 2842 792 2880 Suet.
822 2838 898 2878 7'eh.
922 2839 984 2878 lv.
1416 2834 1428 2855 ⁴
1451 2835 1558 2874 Suet.
1586 2833 1663 2874 m.
1685 2835 1805 2875 XXV.

653 2911 664 2930 ²
687 2912 783 2950 Anu.
806 2911 831 2957 l,
860 2911 914 2948 13.
1420 2912 1432 2923 ·'
1459 2905 1554 2946 Anu.
1579 2905 1622 2951 ll,
1644 2918 1707 2956 27,
1729 2906 1791 2957 39.

653 2982 750 3018 ³12.
