2118 3308
534 260 594 307 «32
929 278 985 311 na
1020 277 1181 310 norro
1215 278 1348 313 cmm
1384 279 1606 313 'sumnum

601 358 712 412 Quae
734 373 877 418 quum
902 358 971 405 ita
995 359 1104 418 sint,
1135 367 1427 409 removeatur
1452 362 1611 424 procul
1638 379 1664 409 a
1690 363 1872 410 Tiberio
1897 379 2000 410 exs-

533 453 670 500 tincti
691 454 951 502 Germanici
976 454 1175 514 invidia,
1203 461 1249 503 et
1274 457 1321 504 in
1344 459 1530 506 meritos
1551 459 1728 507 recidat
1750 460 1762 504 !-
1788 458 2000 518 Nec-jam

533 549 696 610 primis
718 555 766 596 et
789 550 974 612 optimis
1004 550 1133 599 illius
1167 554 1463 616 Principatus
1486 555 1769 617 temporibus
1794 560 2001 602 extrema

532 645 819 707 pessimaque
867 655 1093 708 noceant,
1137 666 1238 711 quae
1283 650 1486 712 profecto
1517 652 1727 699 Tiberius
1761 651 2000 712 haudqua-

532 756 672 802 quam
690 743 978 803 praevidebat
996 752 1078 792 aut
1102 747 1315 808 parabat.
1346 747 1448 807 Ipse
1475 753 1628 794 autem
1646 748 1849 806 Tacitus,
1874 752 1998 809 post·

531 852 669 898 quam
695 838 880 900 singula
901 839 1168 902 incipientis
1199 841 1270 887 sui
1305 842 1494 903 tyranni
1530 849 1633 889 acta
1659 844 1722 890 sic
1754 845 1994 901 tractavit,

528 940 695 981 cuncta
721 937 987 983 summatim
1015 938 1252 984 collaudat
1281 953 1291 984 :
1321 939 1397 984 sed
1419 926 1507 999 quo
1534 939 1655 986 loco¹
1675 941 1696 985 ‘3
1719 940 1809 987 Ubi
1836 955 1997 1001 nempe

526 1032 865 1092 praenuntiavit
887 1032 984 1079 fore
1009 1039 1063 1079 ut
1088 1034 1239 1079 civilis
1263 1033 1348 1080 illa
1373 1036 1662 1096 gubernandi
1687 1037 1807 1082 ratio
1841 1036 1890 1082 in
1924 1053 1999 1098 pe-

520 1125 602 1186 jus
626 1133 815 1189 repente
846 1134 1123 1176 mutaretur.
1162 1130 1281 1191 Ergo
1307 1130 1472 1176 debitae
1497 1131 1672 1189 laudes,
1702 1132 1842 1194 longa
1867 1133 1996 1194 prius

524 1229 570 1270 et
604 1224 761 1271 solerti
798 1225 1102 1273 insectatione
1129 1226 1263 1288 quasi
1298 1226 1558 1287 destructae,
1598 1228 1716 1275 nihil
1749 1229 1839 1276 nisi
1875 1244 1995 1275 nova

524 1319 734 1382 quaedam
770 1320 918 1368 forma
944 1323 1163 1385 carpendi
1198 1339 1251 1370 ac
1282 1324 1557 1372 detrahendi
1586 1331 1716 1385 sunt,
1753 1341 1846 1373 non
1871 1326 1992 1373 enim

523 1413 756 1474 laudibus,
796 1422 849 1463 ut
877 1418 1118 1477 decuisset,
1154 1420 1343 1481 rependi
1368 1420 1560 1468 Caesaris
1585 1421 1836 1468 moderatio
1863 1408 1993 1468 vide-

522 1519 614 1571 tur,
645 1513 722 1560 sed
746 1514 980 1561 simulatio
1009 1516 1159 1577 argui,
1189 1516 1570 1579 probandumque
1588 1517 1707 1566 illud
1731 1495 1871 1580 prope
1897 1534 1991 1566 om-

522 1610 631 1658 nino
671 1611 926 1658 Tiberianae
966 1612 1382 1659 administrationis
1416 1619 1596 1676 tempus
1630 1613 1765 1677 quasi
1789 1615 1992 1677 splendi—

520 1707 630 1754 dum
660 1713 706 1754 ct
736 1706 838 1755 ideo
864 1708 1094 1755 funestius
1127 1709 1395 1756 denuntiari
1426 1710 1732 1758 mendacium.

572 1899 587 1920 ³
608 1900 706 1940 Ann.
728 1900 793 1951 IV,
812 1901 851 1940 6.
