<?xml version="1.0" encoding="UTF-8"?>
<!DOCTYPE html PUBLIC "-//W3C//DTD XHTML 1.0 Transitional//EN"
    "http://www.w3.org/TR/xhtml1/DTD/xhtml1-transitional.dtd">
<html xmlns="http://www.w3.org/1999/xhtml" xml:lang="en" lang="en">
 <head>
  <title>
</title>
<meta http-equiv="Content-Type" content="text/html;charset=utf-8" />
  <meta name='ocr-system' content='tesseract 3.04.00' />
  <meta name='ocr-capabilities' content='ocr_page ocr_carea ocr_par ocr_line ocrx_word'/>
</head>
<body>
  <div class='ocr_page' id='page_1' title='image "./detacitiadenarra00duchuoft_0097.png"; bbox 0 0 2118 3308; ppageno 0'>
   <div class='ocr_carea' id='block_1_1' title="bbox 217 295 1726 2138">
    <p class='ocr_par' dir='ltr' id='par_1_1' title="bbox 219 295 1726 1446">
     <span class='ocr_line' id='line_1_1' title="bbox 764 295 1726 341; baseline -0.001 0"><span class='ocrx_word' id='word_1_1' title='bbox 764 308 900 341; x_wconf 67' lang='lat' dir='ltr'>offlm</span> <span class='ocrx_word' id='word_1_2' title='bbox 935 309 1166 341; x_wconf 60' lang='lat' dir='ltr'>Tfflnmtm</span> <span class='ocrx_word' id='word_1_3' title='bbox 1661 295 1726 340; x_wconf 70' lang='lat'>83</span> 
     </span>
     <span class='ocr_line' id='line_1_2' title="bbox 225 392 1720 457; baseline -0.001 -16"><span class='ocrx_word' id='word_1_4' title='bbox 225 395 386 457; x_wconf 88' lang='lat' dir='ltr'>procul</span> <span class='ocrx_word' id='word_1_5' title='bbox 412 399 635 456; x_wconf 87' lang='lat' dir='ltr'>reputans</span> <span class='ocrx_word' id='word_1_6' title='bbox 663 409 715 440; x_wconf 83' lang='lat' dir='ltr'>ac</span> <span class='ocrx_word' id='word_1_7' title='bbox 747 392 934 439; x_wconf 89' lang='lat' dir='ltr'>sibimet</span> <span class='ocrx_word' id='word_1_8' title='bbox 955 392 1053 454; x_wconf 90' lang='lat' dir='ltr'>ipse</span> <span class='ocrx_word' id='word_1_9' title='bbox 1087 398 1196 440; x_wconf 89' lang='lat' dir='ltr'>ante.</span> <span class='ocrx_word' id='word_1_10' title='bbox 1229 394 1385 440; x_wconf 83' lang='lat' dir='ltr'>oculos</span> <span class='ocrx_word' id='word_1_11' title='bbox 1429 410 1720 456; x_wconf 64' lang='lat' dir='ltr'>p1·aepoi‘1enS‚</span> 
     </span>
     <span class='ocr_line' id='line_1_3' title="bbox 220 491 1723 555; baseline -0.001 -15"><span class='ocrx_word' id='word_1_12' title='bbox 220 492 434 541; x_wconf 88' lang='lat' dir='ltr'>inaudito</span> <span class='ocrx_word' id='word_1_13' title='bbox 459 493 662 555; x_wconf 87' lang='lat' dir='ltr'>quodam</span> <span class='ocrx_word' id='word_1_14' title='bbox 684 491 1046 538; x_wconf 76' lang='lat' dir='ltr'>excruciabatur</span> <span class='ocrx_word' id='word_1_15' title='bbox 1081 492 1327 554; x_wconf 88' lang='lat' dir='ltr'>supplicio.</span> <span class='ocrx_word' id='word_1_16' title='bbox 1376 493 1491 539; x_wconf 88' lang='lat' dir='ltr'>Ecce</span> <span class='ocrx_word' id='word_1_17' title='bbox 1530 492 1723 539; x_wconf 85' lang='lat' dir='ltr'>tandem</span> 
     </span>
     <span class='ocr_line' id='line_1_4' title="bbox 223 589 1725 652; baseline -0.001 -13"><span class='ocrx_word' id='word_1_18' title='bbox 223 591 473 639; x_wconf 87' lang='lat' dir='ltr'>nuntiatur</span> <span class='ocrx_word' id='word_1_19' title='bbox 498 591 621 638; x_wconf 90' lang='lat' dir='ltr'>hanc</span> <span class='ocrx_word' id='word_1_20' title='bbox 647 589 935 652; x_wconf 83' lang='lat' dir='ltr'>singularem</span> <span class='ocrx_word' id='word_1_21' title='bbox 965 605 1077 636; x_wconf 89' lang='lat' dir='ltr'>sane</span> <span class='ocrx_word' id='word_1_22' title='bbox 1101 589 1335 652; x_wconf 91' lang='lat' dir='ltr'>Principis</span> <span class='ocrx_word' id='word_1_23' title='bbox 1372 590 1597 637; x_wconf 83' lang='lat' dir='ltr'>adversus</span> <span class='ocrx_word' id='word_1_24' title='bbox 1634 591 1725 637; x_wconf 92' lang='lat' dir='ltr'>mi-</span> 
     </span>
     <span class='ocr_line' id='line_1_5' title="bbox 222 689 1722 751; baseline -0.002 -13"><span class='ocrx_word' id='word_1_25' title='bbox 222 690 423 738; x_wconf 86' lang='lat' dir='ltr'>nistrum</span> <span class='ocrx_word' id='word_1_26' title='bbox 464 706 600 738; x_wconf 84' lang='lat' dir='ltr'>suum</span> <span class='ocrx_word' id='word_1_27' title='bbox 642 689 1015 751; x_wconf 88' lang='lat' dir='ltr'>conjurationem</span> <span class='ocrx_word' id='word_1_28' title='bbox 1061 704 1280 751; x_wconf 82' lang='lat' dir='ltr'><strong>prospere</strong></span> <span class='ocrx_word' id='word_1_29' title='bbox 1335 689 1556 736; x_wconf 85' lang='lat' dir='ltr'>cessisse:</span> <span class='ocrx_word' id='word_1_30' title='bbox 1614 706 1722 736; x_wconf 89' lang='lat' dir='ltr'>nam</span> 
     </span>
     <span class='ocr_line' id='line_1_6' title="bbox 223 787 1724 854; baseline -0.003 -14"><span class='ocrx_word' id='word_1_31' title='bbox 223 793 466 854; x_wconf 88' lang='lat' dir='ltr'>deceptum</span> <span class='ocrx_word' id='word_1_32' title='bbox 512 788 735 851; x_wconf 88' lang='lat' dir='ltr'>Sejanum</span> <span class='ocrx_word' id='word_1_33' title='bbox 755 804 833 852; x_wconf 90' lang='lat' dir='ltr'>spe</span> <span class='ocrx_word' id='word_1_34' title='bbox 866 788 1113 851; x_wconf 86' lang='lat' dir='ltr'>potestatis</span> <span class='ocrx_word' id='word_1_35' title='bbox 1151 787 1413 835; x_wconf 83' lang='lat' dir='ltr'>tribunitiae</span> <span class='ocrx_word' id='word_1_36' title='bbox 1438 787 1494 852; x_wconf 62' lang='lat' dir='ltr'>[et</span> <span class='ocrx_word' id='word_1_37' title='bbox 1519 790 1724 851; x_wconf 83' lang='lat' dir='ltr'>ambagi-</span> 
     </span>
     <span class='ocr_line' id='line_1_7' title="bbox 221 886 1722 950; baseline -0.001 -14"><span class='ocrx_word' id='word_1_38' title='bbox 221 891 308 936; x_wconf 90' lang='lat' dir='ltr'>bus</span> <span class='ocrx_word' id='word_1_39' title='bbox 343 887 565 950; x_wconf 81' lang='lat' dir='ltr'>epistolae,</span> <span class='ocrx_word' id='word_1_40' title='bbox 602 888 685 934; x_wconf 89' lang='lat' dir='ltr'>diu</span> <span class='ocrx_word' id='word_1_41' title='bbox 724 887 773 934; x_wconf 90' lang='lat' dir='ltr'>in</span> <span class='ocrx_word' id='word_1_42' title='bbox 817 886 978 946; x_wconf 88' lang='lat' dir='ltr'>Curia,</span> <span class='ocrx_word' id='word_1_43' title='bbox 1021 886 1184 949; x_wconf 90' lang='lat' dir='ltr'>procul</span> <span class='ocrx_word' id='word_1_44' title='bbox 1224 903 1252 933; x_wconf 89' lang='lat' dir='ltr'>a</span> <span class='ocrx_word' id='word_1_45' title='bbox 1295 887 1391 934; x_wconf 89' lang='lat' dir='ltr'>suis</span> <span class='ocrx_word' id='word_1_46' title='bbox 1426 888 1722 949; x_wconf 82' lang='lat' dir='ltr'>praetorianis</span> 
     </span>
     <span class='ocr_line' id='line_1_8' title="bbox 221 985 1723 1049; baseline -0.001 -14"><span class='ocrx_word' id='word_1_47' title='bbox 221 988 488 1046; x_wconf 86' lang='lat' dir='ltr'>detentum,</span> <span class='ocrx_word' id='word_1_48' title='bbox 532 1003 639 1034; x_wconf 85' lang='lat' dir='ltr'>mox</span> <span class='ocrx_word' id='word_1_49' title='bbox 677 987 734 1032; x_wconf 92' lang='lat' dir='ltr'>ab</span> <span class='ocrx_word' id='word_1_50' title='bbox 771 985 937 1033; x_wconf 87' lang='lat' dir='ltr'>iisdem</span> <span class='ocrx_word' id='word_1_51' title='bbox 969 986 1274 1033; x_wconf 82' lang='lat' dir='ltr'>Senatoribus</span> <span class='ocrx_word' id='word_1_52' title='bbox 1309 987 1392 1049; x_wconf 87' lang='lat' dir='ltr'>qui</span> <span class='ocrx_word' id='word_1_53' title='bbox 1428 987 1571 1049; x_wconf 87' lang='lat' dir='ltr'>paulo</span> <span class='ocrx_word' id='word_1_54' title='bbox 1614 992 1723 1034; x_wconf 88' lang='lat' dir='ltr'>ante</span> 
     </span>
     <span class='ocr_line' id='line_1_9' title="bbox 222 1084 1723 1148; baseline -0.001 -13"><span class='ocrx_word' id='word_1_55' title='bbox 222 1088 294 1135; x_wconf 93' lang='lat' dir='ltr'>illi</span> <span class='ocrx_word' id='word_1_56' title='bbox 313 1087 650 1146; x_wconf 80' lang='lat' dir='ltr'>adulabantur,</span> <span class='ocrx_word' id='word_1_57' title='bbox 673 1101 944 1148; x_wconf 87' lang='lat' dir='ltr'>oppressum</span> <span class='ocrx_word' id='word_1_58' title='bbox 979 1091 1026 1132; x_wconf 89' lang='lat' dir='ltr'>et</span> <span class='ocrx_word' id='word_1_59' title='bbox 1046 1085 1202 1132; x_wconf 89' lang='lat' dir='ltr'>lictori</span> <span class='ocrx_word' id='word_1_60' title='bbox 1228 1084 1486 1144; x_wconf 80' lang='lat' dir='ltr'>&#39;traditum3</span> <span class='ocrx_word' id='word_1_61' title='bbox 1517 1085 1723 1147; x_wconf 78' lang='lat' dir='ltr'>dejectas</span> 
     </span>
     <span class='ocr_line' id='line_1_10' title="bbox 219 1183 1721 1247; baseline 0 -14"><span class='ocrx_word' id='word_1_62' title='bbox 219 1185 427 1247; x_wconf 87' lang='lat' dir='ltr'>undique</span> <span class='ocrx_word' id='word_1_63' title='bbox 464 1184 766 1246; x_wconf 83' lang='lat' dir='ltr'>procubuisse</span> <span class='ocrx_word' id='word_1_64' title='bbox 807 1183 1021 1231; x_wconf 88' lang='lat' dir='ltr'>damnati</span> <span class='ocrx_word' id='word_1_65' title='bbox 1067 1189 1265 1244; x_wconf 88' lang='lat' dir='ltr'>statuas,</span> <span class='ocrx_word' id='word_1_66' title='bbox 1308 1190 1355 1231; x_wconf 86' lang='lat' dir='ltr'>et</span> <span class='ocrx_word' id='word_1_67' title='bbox 1392 1185 1572 1247; x_wconf 83' lang='lat' dir='ltr'>ipsum,</span> <span class='ocrx_word' id='word_1_68' title='bbox 1609 1186 1721 1233; x_wconf 89' lang='lat' dir='ltr'>dum</span> 
     </span>
     <span class='ocr_line' id='line_1_11' title="bbox 225 1281 1721 1346; baseline 0.003 -18"><span class='ocrx_word' id='word_1_69' title='bbox 225 1302 246 1329; x_wconf 75' lang='lat' dir='ltr'>c(</span> <span class='ocrx_word' id='word_1_70' title='bbox 273 1299 391 1330; x_wconf 91' lang='lat' dir='ltr'>unco</span> <span class='ocrx_word' id='word_1_71' title='bbox 416 1282 651 1329; x_wconf 78' lang='lat' dir='ltr'>trahitur»</span> <span class='ocrx_word' id='word_1_72' title='bbox 684 1297 710 1328; x_wconf 93' lang='lat' dir='ltr'>a</span> <span class='ocrx_word' id='word_1_73' title='bbox 735 1299 757 1326; x_wconf 83' lang='lat'>«</span> <span class='ocrx_word' id='word_1_74' title='bbox 787 1281 919 1328; x_wconf 84' lang='lat' dir='ltr'>Remi</span> <span class='ocrx_word' id='word_1_75' title='bbox 938 1282 1080 1329; x_wconf 91' lang='lat' dir='ltr'>turba</span> <span class='ocrx_word' id='word_1_76' title='bbox 1110 1300 1132 1327; x_wconf 84' lang='grc'>))</span> <span class='ocrx_word' id='word_1_77' title='bbox 1164 1298 1257 1329; x_wconf 83' lang='grc'><strong>11011</strong></span> <span class='ocrx_word' id='word_1_78' title='bbox 1293 1284 1394 1331; x_wconf 88' lang='lat' dir='ltr'>sine</span> <span class='ocrx_word' id='word_1_79' title='bbox 1418 1284 1607 1346; x_wconf 85' lang='lat' dir='ltr'>plausu,</span> <span class='ocrx_word' id='word_1_80' title='bbox 1638 1286 1721 1332; x_wconf 86' lang='lat' dir='ltr'>sti-</span> 
     </span>
     <span class='ocr_line' id='line_1_12' title="bbox 219 1380 916 1446; baseline -0.004 -17"><span class='ocrx_word' id='word_1_81' title='bbox 219 1387 381 1446; x_wconf 89' lang='lat' dir='ltr'>patum</span> <span class='ocrx_word' id='word_1_82' title='bbox 422 1380 701 1444; x_wconf 88' lang='lat' dir='ltr'>adspectari,</span> <span class='ocrx_word' id='word_1_83' title='bbox 725 1380 916 1427; x_wconf 81' lang='lat' dir='ltr'>calcari,</span> 
     </span>
    </p>

    <p class='ocr_par' dir='ltr' id='par_1_2' title="bbox 217 1481 1722 2138">
     <span class='ocr_line' id='line_1_13' title="bbox 284 1481 1717 1545; baseline -0.001 -15"><span class='ocrx_word' id='word_1_84' title='bbox 284 1482 372 1531; x_wconf 86' lang='lat' dir='ltr'>Sed</span> <span class='ocrx_word' id='word_1_85' title='bbox 397 1482 580 1545; x_wconf 89' lang='lat' dir='ltr'>trepido</span> <span class='ocrx_word' id='word_1_86' title='bbox 605 1482 891 1543; x_wconf 85' lang='lat' dir='ltr'>Caprearum</span> <span class='ocrx_word' id='word_1_87' title='bbox 916 1481 1105 1543; x_wconf 88' lang='lat' dir='ltr'>captivo</span> <span class='ocrx_word' id='word_1_88' title='bbox 1129 1485 1328 1528; x_wconf 89' lang='lat' dir='ltr'>terrores</span> <span class='ocrx_word' id='word_1_89' title='bbox 1359 1497 1417 1528; x_wconf 84' lang='lat' dir='ltr'>ex</span> <span class='ocrx_word' id='word_1_90' title='bbox 1443 1482 1717 1542; x_wconf 85' lang='lat' dir='ltr'>terroribus,</span> 
     </span>
     <span class='ocr_line' id='line_1_14' title="bbox 218 1578 1722 1644; baseline -0.001 -16"><span class='ocrx_word' id='word_1_91' title='bbox 218 1581 426 1644; x_wconf 89' lang='lat' dir='ltr'>pericula</span> <span class='ocrx_word' id='word_1_92' title='bbox 451 1596 509 1627; x_wconf 83' lang='lat' dir='ltr'>ex</span> <span class='ocrx_word' id='word_1_93' title='bbox 535 1579 772 1642; x_wconf 88' lang='lat' dir='ltr'>periculis,</span> <span class='ocrx_word' id='word_1_94' title='bbox 807 1584 969 1625; x_wconf 87' lang='lat' dir='ltr'>tenore</span> <span class='ocrx_word' id='word_1_95' title='bbox 993 1578 1198 1641; x_wconf 84' lang='lat' dir='ltr'>quodam</span> <span class='ocrx_word' id='word_1_96' title='bbox 1221 1579 1378 1639; x_wconf 85' lang='lat' dir='ltr'>fatali,</span> <span class='ocrx_word' id='word_1_97' title='bbox 1416 1582 1722 1627; x_wconf 83' lang='lat' dir='ltr'>renasceban-</span> 
     </span>
     <span class='ocr_line' id='line_1_15' title="bbox 218 1676 1720 1740; baseline 0 -13"><span class='ocrx_word' id='word_1_98' title='bbox 218 1686 298 1727; x_wconf 89' lang='lat' dir='ltr'>tur</span> <span class='ocrx_word' id='word_1_99' title='bbox 325 1696 335 1726; x_wconf 88' lang='grc'>;</span> <span class='ocrx_word' id='word_1_100' title='bbox 365 1679 498 1726; x_wconf 88' lang='lat' dir='ltr'>audit</span> <span class='ocrx_word' id='word_1_101' title='bbox 517 1677 617 1739; x_wconf 90' lang='lat' dir='ltr'>jam</span> <span class='ocrx_word' id='word_1_102' title='bbox 644 1692 788 1724; x_wconf 85' lang='lat' dir='ltr'>novos</span> <span class='ocrx_word' id='word_1_103' title='bbox 812 1676 1023 1723; x_wconf 89' lang='lat' dir='ltr'>dominos</span> <span class='ocrx_word' id='word_1_104' title='bbox 1059 1692 1087 1722; x_wconf 91' lang='lat' dir='ltr'>a</span> <span class='ocrx_word' id='word_1_105' title='bbox 1117 1677 1339 1725; x_wconf 89' lang='lat' dir='ltr'>Patribus</span> <span class='ocrx_word' id='word_1_106' title='bbox 1374 1678 1477 1725; x_wconf 83' lang='lat' dir='ltr'>istis</span> <span class='ocrx_word' id='word_1_107' title='bbox 1518 1697 1540 1724; x_wconf 81' lang='lat' dir='ltr'>&lt;c</span> <span class='ocrx_word' id='word_1_108' title='bbox 1570 1679 1628 1726; x_wconf 88' lang='lat' dir='ltr'>ad</span> <span class='ocrx_word' id='word_1_109' title='bbox 1647 1679 1720 1740; x_wconf 90' lang='lat' dir='ltr'>ju-</span> 
     </span>
     <span class='ocr_line' id='line_1_16' title="bbox 223 1760 1721 1841; baseline 0.001 -16"><span class='ocrx_word' id='word_1_110' title='bbox 223 1797 244 1825; x_wconf 84' lang='lat'><strong><em>«</em></strong></span> <span class='ocrx_word' id='word_1_111' title='bbox 274 1795 382 1841; x_wconf 87' lang='lat' dir='ltr'>gum</span> <span class='ocrx_word' id='word_1_112' title='bbox 403 1776 582 1841; x_wconf 87' lang='lat' dir='ltr'>paratis</span> <span class='ocrx_word' id='word_1_113' title='bbox 611 1794 633 1822; x_wconf 84' lang='grc'>»</span> <span class='ocrx_word' id='word_1_114' title='bbox 664 1777 880 1839; x_wconf 89' lang='lat' dir='ltr'>protinus</span> <span class='ocrx_word' id='word_1_115' title='bbox 904 1760 1098 1836; x_wconf 79' lang='lat' dir='ltr'>requiri,</span> <span class='ocrx_word' id='word_1_116' title='bbox 1155 1777 1473 1840; x_wconf 84' lang='lat' dir='ltr'>Senatumque</span> <span class='ocrx_word' id='word_1_117' title='bbox 1506 1780 1554 1826; x_wconf 91' lang='lat' dir='ltr'>in</span> <span class='ocrx_word' id='word_1_118' title='bbox 1579 1780 1721 1826; x_wconf 86' lang='lat' dir='ltr'>servi-</span> 
     </span>
     <span class='ocr_line' id='line_1_17' title="bbox 217 1875 1714 1940; baseline 0.003 -18"><span class='ocrx_word' id='word_1_119' title='bbox 217 1877 335 1922; x_wconf 88' lang='lat' dir='ltr'>tium</span> <span class='ocrx_word' id='word_1_120' title='bbox 356 1875 589 1923; x_wconf 85' lang='lat' dir='ltr'>Macronis</span> <span class='ocrx_word' id='word_1_121' title='bbox 612 1880 659 1922; x_wconf 88' lang='lat' dir='ltr'>et</span> <span class='ocrx_word' id='word_1_122' title='bbox 683 1875 883 1923; x_wconf 91' lang='lat' dir='ltr'>Laconis</span> <span class='ocrx_word' id='word_1_123' title='bbox 905 1892 1031 1924; x_wconf 91' lang='lat' dir='ltr'>nunc</span> <span class='ocrx_word' id='word_1_124' title='bbox 1052 1893 1204 1936; x_wconf 88' lang='lat' dir='ltr'>ruere,</span> <span class='ocrx_word' id='word_1_125' title='bbox 1236 1877 1327 1925; x_wconf 84' lang='lat' dir='ltr'>nisi</span> <span class='ocrx_word' id='word_1_126' title='bbox 1347 1878 1436 1940; x_wconf 89' lang='lat' dir='ltr'>ipsi</span> <span class='ocrx_word' id='word_1_127' title='bbox 1458 1879 1714 1939; x_wconf 86' lang='lat' dir='ltr'>obstarent,</span> 
     </span>
     <span class='ocr_line' id='line_1_18' title="bbox 220 1975 1720 2038; baseline 0.003 -17"><span class='ocrx_word' id='word_1_128' title='bbox 220 1990 313 2021; x_wconf 89' lang='lat' dir='ltr'>non</span> <span class='ocrx_word' id='word_1_129' title='bbox 337 1975 526 2037; x_wconf 87' lang='lat' dir='ltr'>quidem</span> <span class='ocrx_word' id='word_1_130' title='bbox 551 1975 785 2038; x_wconf 87' lang='lat' dir='ltr'>Principis</span> <span class='ocrx_word' id='word_1_131' title='bbox 813 1991 967 2023; x_wconf 87' lang='lat' dir='ltr'>amore</span> <span class='ocrx_word' id='word_1_132' title='bbox 987 1980 1070 2023; x_wconf 87' lang='lat' dir='ltr'>aut</span> <span class='ocrx_word' id='word_1_133' title='bbox 1093 1977 1412 2037; x_wconf 87' lang='lat' dir='ltr'>veneratione,</span> <span class='ocrx_word' id='word_1_134' title='bbox 1444 1978 1523 2025; x_wconf 86' lang='lat' dir='ltr'>sed</span> <span class='ocrx_word' id='word_1_135' title='bbox 1542 1983 1720 2026; x_wconf 85' lang='lat' dir='ltr'>terrore</span> 
     </span>
     <span class='ocr_line' id='line_1_19' title="bbox 219 2074 1144 2138; baseline 0.002 -17"><span class='ocrx_word' id='word_1_136' title='bbox 219 2075 402 2122; x_wconf 87' lang='lat' dir='ltr'>demum</span> <span class='ocrx_word' id='word_1_137' title='bbox 427 2074 509 2137; x_wconf 87' lang='lat' dir='ltr'>qui</span> <span class='ocrx_word' id='word_1_138' title='bbox 536 2075 716 2122; x_wconf 85' lang='lat' dir='ltr'>cunctis</span> <span class='ocrx_word' id='word_1_139' title='bbox 735 2080 851 2122; x_wconf 90' lang='lat' dir='ltr'>tunc</span> <span class='ocrx_word' id='word_1_140' title='bbox 877 2076 1144 2138; x_wconf 88' lang='lat' dir='ltr'>imperaret.</span> 
     </span>
    </p>
   </div>
   <div class='ocr_carea' id='block_1_2' title="bbox 283 2171 1721 2241">
    <p class='ocr_par' dir='ltr' id='par_1_3' title="bbox 283 2171 1721 2241">
     <span class='ocr_line' id='line_1_20' title="bbox 283 2171 1721 2241; baseline 0.005 -23"><span class='ocrx_word' id='word_1_141' title='bbox 283 2171 512 2233; x_wconf 84' lang='lat' dir='ltr'>Deinceps</span> <span class='ocrx_word' id='word_1_142' title='bbox 537 2173 867 2219; x_wconf 82' lang='lat' dir='ltr'>conturbatam</span> <span class='ocrx_word' id='word_1_143' title='bbox 903 2173 1078 2220; x_wconf 83' lang='lat' dir='ltr'>exsulis</span> <span class='ocrx_word' id='word_1_144' title='bbox 1105 2179 1308 2222; x_wconf 89' lang='lat' dir='ltr'>mentem</span> <span class='ocrx_word' id='word_1_145' title='bbox 1335 2177 1543 2239; x_wconf 86' lang='lat' dir='ltr'>perpulit</span> <span class='ocrx_word' id='word_1_146' title='bbox 1578 2194 1721 2241; x_wconf 89' lang='lat' dir='ltr'>prope</span> 
     </span>
    </p>
   </div>
   <div class='ocr_carea' id='block_1_3' title="bbox 221 2271 1723 2339">
    <p class='ocr_par' dir='ltr' id='par_1_4' title="bbox 221 2271 1723 2339">
     <span class='ocr_line' id='line_1_21' title="bbox 221 2271 1723 2339; baseline 0.005 -22"><span class='ocrx_word' id='word_1_147' title='bbox 221 2271 277 2318; x_wconf 91' lang='lat' dir='ltr'>ad</span> <span class='ocrx_word' id='word_1_148' title='bbox 304 2272 522 2318; x_wconf 83' lang='lat' dir='ltr'>delirium</span> <span class='ocrx_word' id='word_1_149' title='bbox 551 2272 699 2318; x_wconf 87' lang='lat' dir='ltr'>allata</span> <span class='ocrx_word' id='word_1_150' title='bbox 719 2272 917 2334; x_wconf 88' lang='lat' dir='ltr'>epistola</span> <span class='ocrx_word' id='word_1_151' title='bbox 946 2273 1173 2335; x_wconf 85' lang='lat' dir='ltr'>Apicatae,</span> <span class='ocrx_word' id='word_1_152' title='bbox 1202 2291 1345 2336; x_wconf 87' lang='lat' dir='ltr'>quam</span> <span class='ocrx_word' id='word_1_153' title='bbox 1369 2276 1481 2323; x_wconf 89' lang='lat' dir='ltr'>olim</span> <span class='ocrx_word' id='word_1_154' title='bbox 1507 2278 1723 2339; x_wconf 90' lang='lat' dir='ltr'>repudia—</span> 
     </span>
    </p>
   </div>
   <div class='ocr_carea' id='block_1_4' title="bbox 219 2369 1724 2927">
    <p class='ocr_par' dir='ltr' id='par_1_5' title="bbox 219 2369 1724 2927">
     <span class='ocr_line' id='line_1_22' title="bbox 219 2369 1723 2437; baseline 0.005 -22"><span class='ocrx_word' id='word_1_155' title='bbox 219 2375 353 2415; x_wconf 86' lang='lat' dir='ltr'>verat</span> <span class='ocrx_word' id='word_1_156' title='bbox 379 2369 593 2430; x_wconf 79' lang='lat' dir='ltr'>Sejanus,</span> <span class='ocrx_word' id='word_1_157' title='bbox 619 2371 972 2417; x_wconf 85' lang='lat' dir='ltr'>matrimonium</span> <span class='ocrx_word' id='word_1_158' title='bbox 987 2376 1101 2418; x_wconf 92' lang='lat' dir='ltr'>tunc</span> <span class='ocrx_word' id='word_1_159' title='bbox 1123 2372 1332 2419; x_wconf 88' lang='lat' dir='ltr'>ambiens</span> <span class='ocrx_word' id='word_1_160' title='bbox 1352 2373 1555 2434; x_wconf 83' lang='lat' dir='ltr'>Livillae,</span> <span class='ocrx_word' id='word_1_161' title='bbox 1579 2391 1723 2437; x_wconf 91' lang='lat' dir='ltr'>quam</span> 
     </span>
     <span class='ocr_line' id='line_1_23' title="bbox 220 2466 1723 2535; baseline 0.005 -22"><span class='ocrx_word' id='word_1_162' title='bbox 220 2467 360 2513; x_wconf 88' lang='lat' dir='ltr'>Drusi</span> <span class='ocrx_word' id='word_1_163' title='bbox 384 2467 629 2529; x_wconf 82' lang='lat' dir='ltr'>conjugem</span> <span class='ocrx_word' id='word_1_164' title='bbox 648 2468 737 2514; x_wconf 89' lang='lat' dir='ltr'>sibi</span> <span class='ocrx_word' id='word_1_165' title='bbox 755 2466 855 2528; x_wconf 87' lang='lat' dir='ltr'>jam</span> <span class='ocrx_word' id='word_1_166' title='bbox 883 2468 1115 2515; x_wconf 85' lang='lat' dir='ltr'>adulterio</span> <span class='ocrx_word' id='word_1_167' title='bbox 1145 2469 1428 2517; x_wconf 82' lang='lat' dir='ltr'>devinxerat</span> <span class='ocrx_word' id='word_1_168' title='bbox 1452 2487 1462 2518; x_wconf 89' lang='lat'>:</span> <span class='ocrx_word' id='word_1_169' title='bbox 1492 2473 1591 2531; x_wconf 87' lang='lat' dir='ltr'>ubi,</span> <span class='ocrx_word' id='word_1_170' title='bbox 1623 2489 1723 2535; x_wconf 89' lang='lat' dir='ltr'>per-</span> 
     </span>
     <span class='ocr_line' id='line_1_24' title="bbox 219 2564 1719 2630; baseline 0.005 -18"><span class='ocrx_word' id='word_1_171' title='bbox 219 2565 345 2612; x_wconf 90' lang='lat' dir='ltr'>culso</span> <span class='ocrx_word' id='word_1_172' title='bbox 373 2564 558 2626; x_wconf 81' lang='lat' dir='ltr'>Sejano,</span> <span class='ocrx_word' id='word_1_173' title='bbox 595 2566 855 2613; x_wconf 85' lang='lat' dir='ltr'>trucidatos</span> <span class='ocrx_word' id='word_1_174' title='bbox 897 2582 1002 2613; x_wconf 91' lang='lat' dir='ltr'>suos</span> <span class='ocrx_word' id='word_1_175' title='bbox 1041 2573 1086 2613; x_wconf 87' lang='lat' dir='ltr'>et</span> <span class='ocrx_word' id='word_1_176' title='bbox 1124 2567 1255 2615; x_wconf 91' lang='lat' dir='ltr'>illius</span> <span class='ocrx_word' id='word_1_177' title='bbox 1288 2569 1513 2630; x_wconf 88' lang='lat' dir='ltr'>parvulos</span> <span class='ocrx_word' id='word_1_178' title='bbox 1549 2570 1719 2619; x_wconf 89' lang='lat' dir='ltr'>liberos</span> 
     </span>
     <span class='ocr_line' id='line_1_25' title="bbox 224 2663 1724 2732; baseline 0.007 -25"><span class='ocrx_word' id='word_1_179' title='bbox 224 2680 246 2707; x_wconf 83' lang='lat'>«</span> <span class='ocrx_word' id='word_1_180' title='bbox 277 2663 416 2726; x_wconf 84' lang='lat' dir='ltr'>idque</span> <span class='ocrx_word' id='word_1_181' title='bbox 456 2664 610 2711; x_wconf 81' lang='lat' dir='ltr'>aetatis</span> <span class='ocrx_word' id='word_1_182' title='bbox 650 2680 844 2727; x_wconf 88' lang='lat' dir='ltr'>corpora</span> <span class='ocrx_word' id='word_1_183' title='bbox 879 2663 1062 2724; x_wconf 85' lang='lat' dir='ltr'>abjecta</span> <span class='ocrx_word' id='word_1_184' title='bbox 1088 2665 1138 2712; x_wconf 90' lang='lat' dir='ltr'>in</span> <span class='ocrx_word' id='word_1_185' title='bbox 1166 2665 1416 2728; x_wconf 86' lang='lat' dir='ltr'>Gemonias</span> <span class='ocrx_word' id='word_1_186' title='bbox 1445 2685 1467 2713; x_wconf 86' lang='grc'>))</span> <span class='ocrx_word' id='word_1_187' title='bbox 1521 2669 1724 2732; x_wconf 87' lang='lat' dir='ltr'>Apicata</span> 
     </span>
     <span class='ocr_line' id='line_1_26' title="bbox 221 2760 1724 2828; baseline 0.006 -22"><span class='ocrx_word' id='word_1_188' title='bbox 221 2760 537 2823; x_wconf 88' lang='lat' dir='ltr'>contemplata</span> <span class='ocrx_word' id='word_1_189' title='bbox 563 2766 648 2820; x_wconf 89' lang='lat' dir='ltr'>est,</span> <span class='ocrx_word' id='word_1_190' title='bbox 679 2766 892 2808; x_wconf 85' lang='lat' dir='ltr'>materno</span> <span class='ocrx_word' id='word_1_191' title='bbox 920 2762 1053 2809; x_wconf 90' lang='lat' dir='ltr'>luctu</span> <span class='ocrx_word' id='word_1_192' title='bbox 1078 2763 1274 2825; x_wconf 87' lang='lat' dir='ltr'>percita,</span> <span class='ocrx_word' id='word_1_193' title='bbox 1299 2769 1346 2811; x_wconf 89' lang='lat' dir='ltr'>et</span> <span class='ocrx_word' id='word_1_194' title='bbox 1358 2770 1613 2828; x_wconf 87' lang='lat' dir='ltr'>antequam</span> <span class='ocrx_word' id='word_1_195' title='bbox 1635 2768 1724 2816; x_wconf 91' lang='lat' dir='ltr'>sibi</span> 
     </span>
     <span class='ocr_line' id='line_1_27' title="bbox 221 2859 1723 2927; baseline 0.007 -24"><span class='ocrx_word' id='word_1_196' title='bbox 221 2862 414 2905; x_wconf 90' lang='lat' dir='ltr'>mortem</span> <span class='ocrx_word' id='word_1_197' title='bbox 441 2859 685 2919; x_wconf 86' lang='lat' dir='ltr'>consciret,</span> <span class='ocrx_word' id='word_1_198' title='bbox 718 2859 920 2921; x_wconf 87' lang='lat' dir='ltr'>alicujus</span> <span class='ocrx_word' id='word_1_199' title='bbox 946 2861 1110 2907; x_wconf 83' lang='lat' dir='ltr'>saltem</span> <span class='ocrx_word' id='word_1_200' title='bbox 1134 2861 1331 2909; x_wconf 86' lang='lat' dir='ltr'>ultionis</span> <span class='ocrx_word' id='word_1_201' title='bbox 1352 2862 1509 2923; x_wconf 81' lang='lat' dir='ltr'>avida,</span> <span class='ocrx_word' id='word_1_202' title='bbox 1535 2881 1616 2927; x_wconf 86' lang='lat' dir='ltr'>per</span> <span class='ocrx_word' id='word_1_203' title='bbox 1637 2866 1723 2913; x_wconf 87' lang='lat' dir='ltr'>has</span> 
     </span>
    </p>
   </div>
   <div class='ocr_carea' id='block_1_5' title="bbox 221 2954 1719 3020">
    <p class='ocr_par' dir='ltr' id='par_1_6' title="bbox 221 2954 1719 3020">
     <span class='ocr_line' id='line_1_28' title="bbox 221 2954 1719 3020; baseline 0.004 -17"><span class='ocrx_word' id='word_1_204' title='bbox 221 2954 402 3004; x_wconf 83' lang='lat' dir='ltr'>litteras</span> <span class='ocrx_word' id='word_1_205' title='bbox 427 2957 663 3006; x_wconf 88' lang='lat' dir='ltr'>Tiberium</span> <span class='ocrx_word' id='word_1_206' title='bbox 697 2958 918 3006; x_wconf 86' lang='lat' dir='ltr'>edocebat-</span> <span class='ocrx_word' id='word_1_207' title='bbox 952 2959 1098 3006; x_wconf 91' lang='lat' dir='ltr'>filium</span> <span class='ocrx_word' id='word_1_208' title='bbox 1137 2959 1238 3020; x_wconf 85' lang='lat' dir='ltr'>ejus</span> <span class='ocrx_word' id='word_1_209' title='bbox 1271 2962 1477 3008; x_wconf 89' lang='lat' dir='ltr'>Drusum</span> <span class='ocrx_word' id='word_1_210' title='bbox 1518 2978 1606 3008; x_wconf 87' lang='lat' dir='ltr'>non</span> <span class='ocrx_word' id='word_1_211' title='bbox 1652 2963 1719 3010; x_wconf 83' lang='lat' dir='ltr'>in-</span> 
     </span>
    </p>
   </div>
  </div>
 </body>
</html>
