2118 3308
515 330 573 375 36
1128 344 1187 376 nn
1220 341 1383 377 uer-m

510 440 628 486 aegre
655 425 922 471 toleravisse
947 440 961 470 :-
985 426 1078 472 fuit
1100 425 1181 471 ille
1201 425 1259 486 (si
1283 426 1426 473 verba
1444 442 1667 489 usurpare
1690 427 1838 475 awini
1860 427 1982 476 inter-

512 535 594 566 nos
619 518 754 566 hodie
779 518 944 580 saepius
962 518 1180 582 jactata),
1211 519 1404 572 liberalis
1427 522 1631 587 quidem,
1658 523 1737 572 sed
1761 537 1983 575 conservas

511 615 771 661 tor:ine1·at
793 629 957 676 nempe
974 614 1214 677 ingenium
1237 617 1471 686 egregium
1487 618 1675 681 quidem
1691 624 1738 671 et
1759 623 1983 676 erectum,

511 712 587 757 sed
615 710 804 757 minime
829 711 982 769 ferox,
1009 726 1151 772 seque
1177 712 1392 774 obsequio
1429 713 1714 775 aptissimum
1750 715 1806 760 ab
1833 714 1986 765 initiis

509 806 681 854 Tiberii
706 805 920 868 praebuit.
939 806 1092 864 Ultro,
1109 822 1190 868 pro
1205 806 1431 860 firmanda
1446 809 1655 856 nutantis
1671 809 1823 856 adhuc
1854 810 1984 862 Prin·

512 904 626 964 cipis
659 903 884 964 potentia,
928 903 1052 964 apud
1091 904 1299 964 legiones
1340 919 1446 951 suas
1482 904 1684 966 impense
1721 906 1847 953 nisus
1878 911 1980 963 est;

512 1001 620 1046 dum
658 1000 809 1046 Romae
844 1015 1001 1047 recens
1033 999 1184 1047 adhuc
1216 999 1435 1047 dominus
1453 1001 1683 1052 infensum
1723 1002 1984 1053 Germanici

513 1112 615 1142 cum
667 1095 939 1143 victricibus
975 1096 1235 1157 legionibus
1276 1096 1476 1142 reditum
1517 1097 1848 1155 extimesceret,
1902 1098 1988 1147 ille

515 1192 716 1238 militum
741 1193 838 1254 qui,
869 1208 1170 1239 successorem
1195 1192 1395 1253 Augusti
1428 1193 1690 1239 subvertere
1714 1193 1982 1253 gestientes,

513 1289 619 1336 duci
657 1305 737 1335 suo
761 1290 910 1336 locum
937 1289 1146 1336 subversi
1177 1287 1532 1351 pollicebantur,
1565 1288 1720 1336 studia
1747 1282 1986 1336 abomina-

513 1387 654 1431 batur
678 1389 724 1431 et
749 1384 1015 1446 eloquentia
1043 1385 1358 1446 compescebat
1377 1383 1408 1430 *ς

579 1483 806 1530 Caeterum
825 1482 974 1543 ipsam
992 1481 1122 1528 illam
1141 1481 1427 1539 seditionem,
1452 1481 1583 1542 cujus
1602 1482 1849 1543 imaginem
1873 1481 1984 1530 adeo

520 1579 727 1625 vividam
746 1578 944 1625 Annales
963 1593 1238 1653 expressere,
1262 1594 1350 1624 non
1373 1577 1515 1624 animi
1535 1577 1797 1625 constantia
1818 1586 1989 1640 repres-

515 1677 575 1723 sit
608 1676 745 1739 (quod
770 1675 934 1722 melius
958 1675 1161 1736 profecto
1186 1674 1427 1733 decuisset,
1448 1671 1592 1736 utque
1611 1675 1823 1722 nonnulli
1844 1675 1989 1737 ipsius

450 1788 456 1800 ·
512 1773 734 1836 praefecti,
763 1772 872 1818 licet
899 1771 1180 1818 auctoritate
1208 1788 1261 1818 ac
1285 1771 1474 1818 fortuna
1503 1773 1639 1834 longe
1664 1772 1879 1830 minores,
1920 1767 1987 1818 fe·

516 1870 634 1931 cere)
651 1868 671 1898 2
685 1885 698 1927 ;
741 1867 818 1916 sed
859 1868 1079 1934 pleraque
1121 1868 1486 1915 levamento‘ru'm
1538 1884 1638 1937 quae
1682 1869 1990 1930 exposcebant

518 1966 727 2023 rebelles,
759 1980 920 2026 nempe
944 1963 1204 2021 missionem
1238 1981 1290 2011 ac
1322 1966 1582 2026 pecuniam,
1613 1970 1694 2012 aut
1719 1962 1986 2022 concedens,

522 2069 604 2110 aut
634 2062 908 2124 promittens
925 2060 961 2119 5,
1006 2061 1234 2108 tributum
1258 2062 1590 2125 ¹quodammodo
1616 2058 1710 2108 illis
1735 2078 1791 2108 ex
1818 2062 1988 2108 viatico

521 2177 602 2209 suo
637 2166 683 2207 et
715 2159 966 2206 amicorum
990 2159 1254 2220 persolvens
1269 2158 1306 2216 ⁴,
1348 2175 1401 2205 ac
1426 2157 1611 2206 tandem
1637 2159 1708 2205 sui
1733 2158 1989 2205 miseratio-

524 2273 645 2315 nem,
676 2271 769 2301 non
803 2261 1038 2311 terrorem,
1079 2254 1310 2301 incutiens
1323 2253 1359 2312 ⁵,
1404 2253 1629 2301 minacem
1654 2255 1838 2301 turbam
1861 2253 2000 2300 flexit·

521 2353 679 2415 potius
709 2366 849 2413 quam
881 2351 1077 2398 domuit.

590 2450 712 2496 Satis
739 2453 930 2510 apparet
948 2454 1171 2509 praeterea
1191 2449 1338 2510 ipsam
1364 2449 1684 2510 Agrippinam,
1707 2449 1818 2495 licet
1837 2449 1994 2496 mai-'rbi

528 2561 681 2593 amore
704 2546 991 2607 praesignem,-
1023 2545 1243 2591 acriorem
1268 2545 1317 2591 in
1343 2544 1424 2591 illo
1450 2545 1752 2606 pervicaciam
1782 2551 1827 2591 et
1853 2545 1994 2592 firmi-

527 2650 670 2688 tatem
698 2642 846 2701 magis
865 2640 1152 2702 imperiosam
1175 2639 1523 2697 desideravisse,
1545 2639 1820 2701 videturque
1846 2641 1996 2686 virilis

587 2815 594 2834 ¹
620 2816 717 2853 Anu.
739 2814 765 2862 1,
787 2812 849 2852 35.
1209 2831 1212 2835 ·
1352 2812 1365 2833 ⁴
1388 2813 1485 2853 Anu.
1508 2814 1536 2853 1.
1556 2813 1620 2866 37.

583 2884 596 2904 ²
619 2884 681 2923 38.
1351 2883 1364 2902 ⁵
1385 2880 1530 2934 *lo-44·

587 2955 603 2975 ³
623 2954 687 3003 36,
708 2954 771 3005 39.
