2118 3308
504 307 557 361 δ’,
1114 322 1170 353 un
1203 321 1366 354 neiro

505 402 768 458 Antiochia,
810 408 1159 460 conterrentur;
1203 403 1333 449 brevi
1370 403 1636 465 languentis
1673 412 1718 451 et
1757 404 1976 452 veneficia

503 499 761 545 incusantis
799 497 1061 544 Germanici
1107 502 1318 558 questus,
1373 514 1585 560 suprema
1635 500 1757 562 apud
1811 499 1979 547 amicos

504 595 742 642 morientis
767 596 979 641 dextram
999 595 1318 657 contingentes
1342 597 1580 656 mandata,
1607 600 1750 645 verba
1779 599 1978 661 denique

504 695 676 736 metum
714 706 738 736 e
770 695 938 751 patruo
978 690 1222 751 prodentia
1261 692 1515 754 excipimus
1534 708 1546 751 3
1581 695 1732 740 Romae
1766 694 1874 740 inde
1915 693 1980 739 la-

505 787 810 832 mentationes
835 787 1026 833 iteratas
1046 792 1353 848 congestaque
1378 788 1426 833 in
1451 789 1709 850 Principem
1729 794 1775 836 et
1802 790 1980 850 Augus-

504 890 600 929 tam
626 883 821 929 crimina
848 883 1062 928 audimus
1091 898 1101 928 :
1140 888 1317 941 contra,
1351 884 1577 942 Tiberius,
1607 885 1831 946 gaudium
1856 885 1979 931 male

504 986 680 1041 tegens,
711 980 979 1041 popularem
1006 980 1182 1025 luctum
1210 980 1468 1042 increpans,
1498 981 1581 1028 filii
1615 981 1866 1027 ulciscendi
1893 979 1980 1026 mi-

506 1076 629 1122 nime
646 1091 866 1136 properus
885 1075 1061 1135 talique
1081 1075 1136 1120 de
1156 1075 1323 1121 scelere
1346 1076 1654 1137 cognitionem
1673 1076 1902 1122 rhetorica
1922 1076 1979 1121 ad

505 1172 789 1219 causidicum
832 1171 1045 1218 Trionem
1089 1171 1341 1218 monitione
1374 1172 1666 1230 concludens,
1700 1172 1976 1218 ostenditur.

505 1271 835 1331 Proponuntur
868 1269 1025 1324 etiam,
1069 1269 1127 1314 ad
1161 1268 1443 1329 arguendam
1482 1268 1711 1329 Principis
1746 1268 1981 1314 conscien-

505 1366 637 1424 tiam,
664 1365 844 1412 Pisonis
877 1365 1064 1423 fiducia,
1104 1381 1211 1411 mox
1242 1370 1405 1423 terror,
1443 1370 1581 1426 prout
1614 1365 1863 1411 Dominum
1900 1370 1982 1411 aut

505 1463 739 1509 faventem
777 1467 947 1523 sperat,
982 1467 1064 1508 aut
1102 1462 1322 1508 adversus
1357 1477 1513 1508 omnes
1547 1462 1735 1508 affectus
1771 1462 1980 1509 clausum

505 1559 675 1620 reperit
702 1573 711 1604 :
741 1558 955 1619 denique,
983 1558 1079 1619 vquo
1106 1573 1226 1604 mors
1252 1563 1299 1604 et
1326 1557 1472 1618 ipsius
1508 1558 1695 1604 venefici
1730 1560 1982 1620 suspectior

505 1644 714 1711 exsistat,
760 1653 996 1700 inducitur
1029 1658 1274 1715 postremo,
1303 1653 1604 1714 gravissimus
1628 1654 1677 1700 in
1714 1653 1976 1701 Germanici

505 1758 727 1815 patruum
751 1751 898 1808 testis,
929 1749 1116 1797 libellus
1139 1765 1276 1811 quem
1299 1749 1479 1796 Pisonis
1508 1750 1738 1807 manibus,
1779 1750 1980 1796 immisso

503 1854 783 1911 percussore,
821 1848 1063 1907 abreptum
1098 1845 1284 1893 Tacitus
1313 1862 1337 1892 e
1364 1847 1621 1892 senioribus
1647 1846 1831 1892 audivit
1847 1862 1861 1904 ;
1903 1846 1980 1892 de·

503 1945 805 2007 pingiturque
833 1945 928 2005 ipse
955 1943 1109 1990 Caesar
1134 1943 1221 1989 hac
1251 1958 1374 2000 nece,
1400 1959 1545 2004 quam·
1566 1943 1878 1990 voluntariam
1906 1959 1983 1989 vo-

504 2047 595 2100 cat,
636 2057 683 2087 se
723 2045 935 2086 moestum
978 2039 1203 2086 simulans
1243 2045 1289 2085 et
1327 2039 1499 2086 crebris
1540 2040 1981 2100 interrogationibus

503 2140 751 2201 exquirens
777 2138 962 2200 qualem
987 2138 1092 2184 Piso
1113 2143 1290 2184 noctem
1309 2153 1566 2199 supremam
1594 2138 1812 2199 exegerit.
1835 2139 1980 2195 Quem

504 2252 612 2283 vero
653 2235 711 2281 ad
751 2234 888 2281 finem
919 2234 1320 2296 eloquentissimus
1363 2239 1577 2279 narrator
1617 2229 2006 2293 miserationem,

504 2333 801 2395 suspiciones,
832 2332 1050 2388 dolorem‘,
1081 2331 1236 2377 odium
1275 2331 1321 2376 in
1349 2330 1516 2377 nostris
1542 2331 1709 2377 animis
1734 2332 1980 2378 continua-

504 2431 589 2488 vit,
633 2429 722 2476 nisi
748 2445 839 2490 quo
873 2428 1094 2474 libentius
1127 2427 1367 2473 credamus
1400 2407 1447 2472 id
1485 2426 1606 2487 quod
1635 2426 1861 2478 affirmare
1888 2442 1979 2473 non

506 2528 693 2584 audeat,
739 2525 815 2571 sed
850 2523 974 2569 credi
1009 2522 1155 2583 cupit,
1199 2538 1359 2583 nempe
1394 2539 1421 2568 a
1446 2521 1626 2568 Tiberio
1654 2537 1732 2582 per
1770 2522 1979 2568 Pisonem

505 2625 810 2684 interceptum
835 2636 928 2666 esse
954 2618 1297 2677 Germanicum,
1333 2633 1714 2679 suppressumque
1746 2634 1826 2679 per
1851 2618 1980 2664 dolos

503 2720 668 2781 prioris
695 2717 878 2763 sceleris
905 2715 1165 2776 adjutorem
1193 2731 1244 2760 ac
1271 2716 1466 2761 testem?

569 2916 658 2962 liic
708 2915 947 2962 veritatem
993 2914 1123 2961 nobis
1166 2914 1354 2975 propius
1395 2912 1707 2973 indagandam
1751 2928 1867 2970 reor,
1921 2927 1976 2958 ne
