2118 3308
737 312 872 347 CIRCA
908 308 1138 346 TinERmM
1653 299 1677 341 Γ»

187 407 325 464 erari,
355 405 582 452 Patricios
604 411 777 464 autem,
813 410 1039 466 tanquam
1076 404 1295 451 innoxias
1321 411 1368 450 et
1393 404 1682 466 improvidas

187 503 419 562 victimas,
448 503 660 550 miserari
684 519 712 550 a
734 507 893 550 tenero
919 505 1241 549 consueverat.
1271 500 1384 548 Mox
1409 500 1547 547 bellis
1572 501 1683 548 civi-

189 601 313 648 libus
332 617 600 648 concussam
630 602 774 649 sensit
797 602 989 649 Italiam
1008 618 1022 661 3
1052 605 1347 648 cruentatam
1371 599 1564 660 Urbem,
1582 616 1684 662 pro-

191 701 395 746 culcatos
425 715 452 745 a
478 699 682 746 militum
710 700 842 762 equis
868 698 1047 755 Patres,
1079 700 1318 746 incensam
1341 698 1474 746 Jovis
1503 697 1683 761 Optimi

188 798 388 845 Maximi
415 812 566 844 arcem
592 798 850 861 conspexit,
880 813 1026 860 eaque
1047 796 1247 858 alicujus
1270 811 1450 858 semper
1475 796 1526 842 in
1552 795 1685 842 Prin-

189 895 306 957 cipis
325 894 512 941 nomine
529 900 718 957 patrata
748 911 758 941 :
793 910 937 957 quum
961 909 1125 942 rursus
1157 894 1343 956 antiqui
1374 877 1575 941 Senatus
1609 909 1684 940 sa-

189 992 415 1054 pientiam
437 1008 491 1039 ac
514 992 806 1053 majestatem
828 994 885 1039 ab
901 992 1136 1040 historicis
1155 992 1374 1039 laudatas
1396 997 1444 1039 et
1468 993 1685 1039 omnibus

188 1091 239 1137 in
261 1090 399 1138 scolis
422 1091 698 1138 decantatas
721 1091 1115 1151 reminisceretur,
1148 1106 1302 1139 nonne
1328 1091 1521 1153 gliscere
1559 1091 1684 1153 apud

190 1205 294 1236 eum
321 1190 486 1236 debuit
509 1189 754 1236 fastidium
785 1188 886 1250 ejus
906 1190 1145 1252 temporis,
1175 1190 1299 1252 quod
1326 1189 1515 1252 quidem
1542 1205 1570 1236 a
1598 1190 1686 1236 Su-

190 1288 315 1350 peris·
342 1288 620 1335 damnatum
655 1289 753 1350 ipse
787 1287 1059 1335 contendit'
1087 1290 1096 1335 ἱ
1145 1287 1331 1335 Scilicet
1362 1292 1543 1335 veteres
1576 1288 1685 1335 illas

189 1385 503 1439 Tribunorum
530 1380 878 1449 Consulumque
917 1386 1245 1446 dissensiones,
1269 1385 1432 1448 jurgia
1462 1386 1549 1433 illa
1572 1402 1686 1449 prae-

189 1484 349 1546 liaque
388 1484 437 1546 in
481 1485 615 1543 Foro,
662 1484 833 1546 quibus
867 1484 1193 1532 tantummodo
1237 1484 1362 1546 apud
1399 1485 1452 1531 T.
1493 1483 1683 1531 Livium

192 1583 487 1642 interfuerat,
516 1589 571 1630 ut
599 1583 876 1646 longinqua,
907 1588 955 1630 et
992 1582 1380 1644 circumfulgente
1405 1583 1547 1630 laude
1580 1587 1683 1631 tum

195 1697 444 1739 armorum,
485 1687 588 1728 tum
614 1681 907 1744 eloquentiae,
949 1681 1186 1740 obvelata,
1224 1682 1373 1728 multo
1398 1681 1556 1728 minus
1580 1682 1685 1728 hor-

191 1781 325 1827 rebat
354 1794 364 1825 :
394 1795 559 1841 nempe
590 1778 711 1826 talia
736 1778 826 1824 sibi
861 1778 1156 1840 depingenda
1182 1794 1275 1825 non
1315 1778 1563 1840 contigisse
1602 1779 1684 1825 do-

191 1877 364 1927 lentem
386 1875 436 1924 in
457 1875 714 1922 Annalibus
741 1875 852 1937 ipsis
879 1875 1097 1923 audimus
1109 1873 1146 1921 2.

255 1983 534 2030 Adolescens
571 1983 757 2029 demum
801 1982 1060 2029 stabilitam
1110 1997 1138 2029 a
1188 1990 1354 2045 nepote
1396 1983 1684 2030 centurionis

191 2081 481 2144 Pompeiani,
510 2080 798 2143 Vespasiano
833 2068 1024 2139 scilicet,
1066 2097 1227 2143 pacem
1259 2081 1498 2144 publicam
1523 2081 1678 2140 vidit3

192 2179 475 2242 Capitolium
501 2180 604 2241 ipsa
627 2177 838 2239 ejusdem
865 2194 1026 2238 manu,
1055 2194 1161 2226 cum
1187 2178 1429 2227 Nobilium
1452 2174 1683 2226 ordinatis

193 2279 250 2325 ab
274 2277 401 2326 Urbe
435 2276 624 2324 condita
664 2276 832 2337 Fastis,
876 2276 1206 2335 restitutum53
1253 2275 1459 2324 civiliter
1495 2276 1681 2323 habitos

190 2377 434 2435 Patricios,
484 2393 680 2438 quorum
724 2377 970 2423 imminuto
1015 2391 1068 2422 ac
1111 2390 1229 2438 pene
1271 2374 1423 2422 dele-to
1466 2390 1675 2435 numero,

191 2473 537 2534 conjurationes
575 2474 774 2536 odiaque
806 2473 954 2520 multo
979 2473 1135 2520 minus
1165 2474 1515 2520 metuebantur.
1549 2474 1680 2521 Tunc

190 2577 238 2618 et
262 2572 369 2619 illos
392 2572 576 2619 audivit
601 2572 658 2618 de
677 2571 925 2633 praeteritis
951 2570 1284 2617 vexationibus
1307 2577 1641 2633 conquerentes
1664 2588 1674 2619 t

191 2686 269 2718 eas
295 2676 449 2718 autem
471 2671 683 2733 querelas
708 2670 853 2716 securi
876 2668 974 2729 jam
1001 2669 1058 2715 de
1083 2669 1355 2731 aequalitate
1377 2669 1530 2716 caeteri
1555 2671 1678 2716 cives

244 2870 253 2889 ¹
278 2869 374 2909 nist.
398 2872 423 2918 ΙἺῚ
444 2870 479 2908 3.
1018 2868 1032 2888 ⁸
1055 2867 1232 2907 Suetonii
1267 2867 1526 2921 Vespasianus,
1561 2870 1660 2911 Vm.

245 2939 257 2959 ²
278 2941 376 2980 Anu.
398 2940 462 2990 lv,
485 2942 547 2979 32.
