2118 3308
760 292 896 326 cch
931 291 1161 324 'mannum
1215 269 1218 271 “
1678 292 1708 336 9

211 386 336 433 enim
375 385 578 434 Annales
621 391 849 448 tanquam
895 386 1034 434 civile
1072 386 1306 451 quoddam
1346 399 1518 432 munus
1561 399 1709 430 susce-

211 485 349 547 pisse,
379 501 470 548 quo
497 501 590 532 non
617 486 752 533 modo
773 487 1038 533 virtutibus>
1057 486 1272 547 gloriam,
1303 485 1436 532 vitiis
1463 500 1516 531 ac
1545 483 1708 545 praeci-

210 597 302 644 pue
329 583 592 631 adulationi
618 584 865 632 infamiam
892 584 1131 643 adderet¹,
1171 584 1249 631 sed
1276 585 1419 631 etiam
1455 585 1703 641 Romanos,

210 681 462 728 domestica
493 698 575 744 per
608 684 838 745 exempla,
879 684 1145 730 callidiores
1184 689 1447 751 temporum-
1486 682 1704 741 efficeret,

209 776 412 824 docendo
457 778 650 826 insitam
677 795 809 827 novae
852 781 1004 827 adhuc
1038 782 1311 843 Principum
1346 780 1567 843 potentine
1593 780 1707 842 glis-

208 874 343 921 cendi
367 876 655 938 cupidinem,
694 878 905 941 talesque
954 894 1065 941 erga
1098 879 1311 926 dominos
1337 883 1481 925 cauta
1500 878 1708 940 quadam*

207 972 456 1020 severitate
482 974 638 1036 potius
664 991 806 1037 quam
831 976 1011 1023 insanis
1046 975 1441 1022 assentationibus
1474 975 1703 1022 utendum

205 1083 302 1118 esse
319 1069 356 1117 2.
409 1070 534 1118 Num
570 1073 627 1119 de
662 1075 879 1121 libertate
923 1090 1072 1137 nuper
1111 1074 1297 1121 reddita
1332 1074 1472 1121 valde
1515 1089 1704 1121 securus

206 1184 303 1216 esse
327 1175 527 1231 poterat,
558 1187 702 1233 quum
726 1172 954 1232 Plinium,
996 1173 1196 1219 amicum
1229 1188 1383 1230 suum,
1431 1172 1618 1218 audiret
1643 1172 1703 1218 ad

204 1268 388 1317 infimas
405 1249 616 1331 obsequii
638 1274 687 1316 et
707 1269 1033 1317 admirationis
1051 1270 1385 1317 obtestationes
1403 1286 1558 1317 coram
1584 1271 1698 1317 Tra-

197 1366 322 1427 jano
339 1369 737 1429 procumbentem,
769 1384 821 1414 ac
846 1368 1144 1430 pollicentem
1170 1369 1269 1422 fore
1285 1375 1339 1415 ut
1362 1370 1559 1416 Romani
1580 1369 1698 1416 libe-

200 1480 255 1512 re
277 1461 488 1527 agerent}
534 1481 627 1512 non
653 1481 712 1512 ex
731 1464 840 1526 jure
866 1470 1064 1525 naturae,
1110 1466 1189 1512 sed
1214 1481 1239 1513 e
1260 1466 1471 1528 praesidis
1491 1465 1661 1527 jussu³
1677 1467 1705 1513 ‘?

199 1564 376 1626 Nempe
400 1565 655 1626 reputabat
673 1564 863 1611 Tacitus
881 1564 1130 1626 praesidum
1156 1565 1406 1627 plerosque
1421 1565 1504 1611 illo
1526 1565 1577 1611 in
1602 1564 1702 1612 fas-

199 1662 316 1724 tigio
342 1661 489 1709 serius
509 1654 666 1724 'ocyus
685 1660 785 1722 jam
821 1661 1083 1720 insanisse3
1112 1662 1308 1724 proinde
1342 1678 1437 1709 non
1478 1664 1698 1725 expedire

202 1762 365 1821 ulline,
387 1761 464 1808 vel
498 1761 663 1823 optimi
689 1761 1015 1823 facillimique,
1043 1761 1411 1809 dominationem
1437 1762 1562 1808 ultro
1598 1777 1698 1824 pro-

200 1859 375 1917 vocari,
425 1874 510 1905 neo
532 1874 744 1920 unquam
770 1859 930 1906 decere
970 1874 1213 1906 commune
1255 1875 1308 1906 ac
1350 1866 1695 1908 sacrosanctum

199 1956 417 2003 humanae
442 1955 676 2003 libertatis
700 1955 1037 2016 patrimonium
1066 1957 1208 2002 unius
1244 1957 1438 2004 arbitrio
1464 1959 1691 2019 permitti,

198 2055 275 2102 cui
302 2054 459 2101 omnia
483 2054 533 2100 in
558 2069 717 2100 omnes
744 2054 959 2100 licerent.
1007 2055 1132 2111 Quid
1158 2055 1281 2101 enim
1309 2058 1609 2117 eventurum,
1655 2060 1693 2105 si

197 2154 390 2216 quidam
416 2153 688 2212 exstitisset,
736 2152 1004 2215 tyrannidis
1031 2153 1214 2211 avidus,
1262 2154 1591 2203 dissimulandi
1614 2173 1692 2219 pe-

197 2251 335 2310 ritus,
364 2251 463 2313 qui,
505 2252 709 2313 primum
735 2256 905 2297 cuncta
948 2250 1115 2297 salutis
1151 2250 1349 2313 publicae
1374 2252 1583 2315 imagine·
1621 2260 1692 2301 te-

197 2364 326 2412 genS,
355 2349 588 2412 paulatim
612 2348 876 2410 insurgeret
903 2358 956 2395 ao
981 2348 1182 2410 denique
1208 2365 1291 2410 pro
1316 2349 1582 2398 inconsulta
1600 2352 1692 2398 ista

194 2447 365 2495 fiducia
403 2448 639 2494 infensum
676 2446 889 2493 redderet
916 2446 1161 2493 servitium
1181 2448 1204 2493 i>
1244 2448 1310 2494 At
1344 2450 1691 2511 recognoscenti

194 2546 428 2594 Caesarum
471 2545 676 2592 invisam
714 2544 878 2591 seriem
920 2544 1148 2604 Tiberius,
1173 2545 1255 2607 qui
1297 2560 1380 2608 per
1419 2547 1685 2608 imperium,

197 2643 538 2706 aliquantisper
563 2642 718 2701 facile,
749 2642 918 2689 sensim
954 2642 1013 2688 ad
1054 2649 1338 2705 praeruptam
1373 2649 1421 2690 et
1444 2650 1688 2706 urgentem

251 2862 258 2883 ¹
283 2864 382 2903 Anu.
405 2864 467 2912 ΙΙΙ,
489 2861 552 2902 65.
1031 2863 1045 2883 ²
1066 2864 1210 2915 Paneg.
1232 2863 1296 2902 66.

247 2933 260 2954 ²
280 2934 380 2975 Anu.
403 2934 466 2983 IV,
490 2934 553 2973 33.
