2118 3308
510 278 527 328 ἰ
1112 292 1168 323 nu
1201 292 1359 324 'merso

564 373 650 416 Seu
680 387 837 433 nempe
864 373 1178 420 Corneliorum
1204 375 1335 421 domo
1359 381 1485 422 ortus
1504 377 1580 433 sit,
1610 392 1711 437 quae
1730 376 1827 436 jam
1855 377 1951 439 Syl-

496 466 565 511 las
603 467 926 528 Scipionesque
963 470 1243 530 protulerat,
1289 486 1368 518 seu
1407 472 1559 532 equite
1600 471 1679 519 illo
1722 473 1947 534 Principis

498 562 619 622 apud
640 563 804 623 Belgas
827 569 1138 625 procuratore,
1160 580 1294 627 quem
1319 566 1498 613 Plinius
1517 567 1663 628 major
1682 574 1900 615 memorat
1921 568 1953 626 ¹,
2005 578 2008 579 ’

496 659 649 706 animo
675 665 796 708 certe
831 661 1017 708 sublimi
1057 678 1110 709 ac
1144 662 1284 710 feroci
1324 669 1460 710 uatus
1499 669 1614 710 erat.
1653 664 1756 720 Qua
1790 664 1953 712 dehinc

494 755 676 802 ratione
701 756 762 802 sit
786 756 1013 816 excultuS,
1043 757 1269 805 incertum
1292 774 1301 805 :
1331 774 1386 806 ea
1413 774 1520 806 vero
1545 766 1764 822 reputans
1789 761 1954 823 quibus

486 850 647 910 junior
673 852 840 912 adhue,
870 853 948 900 sed
973 853 1069 916 spei
1088 853 1188 914 jam
1220 855 1436 916 egregiae,
1478 855 1528 901 in
1563 856 1870 917 pulcherrimo
1903 856 1957 903 de

496 947 756 996 Oratoribus
781 949 992 1012 Dianqo,
1015 949 1310 1012 disciplinam
1330 951 1570 1013 antiquam
1588 952 1816 1011 laudavit,
1840 967 1948 1014 qua,

490 1045 710 1107 patricias
726 1046 849 1107 apud
862 1046 1033 1105 domos,
1047 1046 1431 1109 studialususque
1443 1063 1688 1108 puerorum
1704 1048 1950 1096 sanctitate

489 1142 691 1204 quadam
712 1126 1127 1205 temperabantur,
1173 1159 1228 1191 ac
1265 1145 1399 1192 liberi
1433 1145 1804 1192 informabantur
1840 1146 1952 1192 insi-

489 1254 600 1300 gnes
615 1237 651 1297 2,
681 1255 785 1287 eum
807 1255 991 1302 ⁴quoque
1020 1240 1070 1287 in
1095 1240 1267 1302 gremio
1295 1256 1347 1287 ac
1369 1240 1472 1287 sinu
1498 1246 1634 1288 castae
1658 1242 1835 1301 matris,
1875 1243 1946 1288 in-

488 1335 715 1395 vigilante
737 1335 895 1396 aliqua
919 1334 1094 1395 majore
1118 1341 1233 1382 natu
1251 1336 1526 1398 propinqua,
1556 1337 1805 1384 secundum
1832 1337 1950 1399 pris-

489 1445 589 1476 cam
614 1431 906 1478 severitatem
930 1431 1176 1478 educatum
1200 1431 1485 1480 crediderim.
1525 1433 1784 1495 Utcumque
1813 1449 1860 1482 se
1883 1450 1954 1482 res

488 1528 669 1586 habuit,
699 1528 906 1575 imbutus
930 1533 1050 1576 certe
1086 1527 1292 1575 historiis
1326 1528 1643 1591 institutisque
1676 1530 1842 1591 prioris
1866 1531 1953 1578 aevi

487 1623 657 1683 fuerat,
687 1640 830 1686 quum
855 1640 911 1672 ea
935 1629 1210 1671 crescentem
1235 1623 1370 1671 illum
1390 1640 1605 1687 excepere
1627 1631 1833 1687 tempora
1852 1643 1954 1689 quae

488 1736 622 1768 suum
667 1720 755 1782 ipsi
805 1721 1022 1767 saeculum
1067 1721 1260 1782 pessime
1307 1721 1679 1768 commendarent
1722 1737 1732 1768 :
1779 1722 1954 1770 exactis

490 1833 651 1878 nempe
686 1816 821 1863 annis
845 1833 927 1878 per
951 1832 1064 1878 quos
1093 1817 1144 1862 in
1170 1816 1476 1878 Optimatium
1502 1817 1692 1865 insidias
1717 1818 1952 1880 Principes

488 1929 627 1975 quam
643 1913 860 1959 acerrime
878 1913 1184 1970 bellaverant,
1210 1913 1277 1959 ita
1295 1912 1514 1960 saeviebat
1531 1913 1580 1960 in
1601 1913 1790 1962 afflictos
1810 1914 1953 1962 Caesa-

488 2025 591 2056 rum
615 2009 825 2068 ultimus,
861 2015 915 2056 ut
946 2009 1099 2056 minus
1134 2024 1305 2056 novum
1336 1980 1489 2056 ferum
1524 2014 1695 2056 statum
1732 2010 1952 2059 adversus

488 2106 760 2168 irrequietos
777 2106 929 2152 hostes
954 2105 1197 2152 defendere
1221 2120 1360 2167 quam
1384 2105 1572 2152 insitam
1603 2106 1851 2168 quamdam
1879 2107 1945 2156 fe-

487 2201 673 2248 ritatem
708 2200 938 2248 exsatiare
968 2200 1220 2247 videretur.
1265 2200 1441 2262 Ecquid
1471 2201 1614 2261 igitur
1651 2202 1823 2261 Tacito,
1870 2219 1950 2266 per

486 2302 632 2345 totam
656 2297 920 2359 pueritiam,
954 2297 1347 2359 circumspectare,
1387 2298 1551 2359 ecquid
1578 2299 1737 2346 audire
1762 2288 1954 2360 accidit,
1983 2312 1985 2314 ’

487 2398 652 2454 praeter
677 2393 883 2440 assiduas
907 2392 1162 2439 delationes
1196 2398 1243 2439 et
1271 2393 1542 2451 calumnias,
1572 2395 1775 2456 rapinas,
1805 2396 1945 2444 caedes

489 2490 717 2536 clarorum
743 2489 915 2535 civium
945 2487 1003 2534 ad
1039 2487 1224 2534 alendos
1248 2493 1531 2548 portentosos
1554 2489 1763 2549 Neronis,
1787 2491 1836 2539 in
1860 2508 1943 2555 ga-

488 2601 621 2633 neam
661 2585 885 2646 ludosque
922 2589 1146 2645 sumptus,
1195 2583 1374 2631 tamdiu
1393 2585 1725 2635 continuatas?
1748 2588 1946 2637 Proinde

488 2682 703 2738 Caesares,
738 2687 791 2726 ut
818 2696 980 2726 avaros
1016 2687 1201 2726 tantum
1228 2680 1507 2743 perfidosque
1534 2683 1781 2741 carnificeS,
1825 2701 1944 2731 exso-

541 2883 547 2899 ¹
575 2882 651 2920 nist
690 2886 765 2920 nai.
789 2882 867 2925 Vll,
900 2895 953 2933 ιζ.
1305 2885 1317 2903 ’·”
1338 2884 1450 2932 llial.7
1472 2885 1533 2924 28.
