2118 3308
458 314 517 375 76
1062 327 1121 361 un
1154 326 1314 361 rmorto

458 408 625 456 liberos
641 409 673 466 ¹,
702 409 888 456 allectos
913 423 993 471 per
1017 408 1140 456 dona
1163 405 1431 455 Delatores²
1454 413 1501 455 et
1524 408 1572 454 in
1600 406 1819 468 cujusque
1843 422 1912 454 se-

456 509 581 551 creta
599 504 837 562 immissos,
864 503 1048 551 funesta
1070 503 1304 550 latronum
1322 502 1507 550 illorum
1530 502 1650 561 odia,
1674 501 1915 565 pestiferas

460 598 713 646 amicitias³
736 614 746 645 ε
774 614 879 646 mox
896 598 1011 645 clari
1030 599 1152 645 cives
1168 598 1455 650 inducuntur
1474 603 1659 661 repente
1684 613 1870 645 suorum
1890 613 1917 645 a

458 694 697 756 complexu
737 694 910 741 divulsi
922 693 959 751 ⁴,
1005 693 1125 740 truci
1145 692 1356 754 judicum
1395 698 1442 742 et
1474 694 1693 741 instantis
1726 694 1917 757 tyranni

459 790 594 838 vultu
619 789 815 851 excepti,
842 789 1155 851 sanguinariis
1175 793 1490 836 accusatorum
1507 789 1918 837 declamationibus

459 884 611 930 obruti
633 921 646 942 ,
691 884 993 946 protinusque
1035 885 1093 931 ad
1136 885 1370 946 laqueum,
1410 885 1533 932 inter
1572 886 1721 933 Deum
1763 885 1881 933 festa
1902 923 1915 944 ‚

458 981 601 1028 Roma
636 986 850 1045 pavente,
892 981 1100 1043 abrepti;
1146 998 1259 1044 quos
1295 981 1493 1043 denique
1532 981 1581 1028 in
1607 997 1802 1041 carcere,
1845 983 1918 1029 vel

458 1076 624 1123 hausto
652 1093 842 1138 veneno,
873 1078 946 1124 vel
971 1077 1147 1124 cervice
1178 1077 1424 1139 perfracta,
1457 1091 1660 1125 summus
1684 1078 1764 1126 ille
1789 1093 1920 1126 moes-
1980 1083 1983 1086 '

459 1180 611 1221 tarum
637 1175 854 1222 mortium
878 1176 1026 1237 pictor
1048 1176 1250 1223 ostendit
1274 1176 1610 1238 exspirantes5.

523 1338 586 1382 At
607 1352 767 1383 causas
790 1336 1157 1395 damnationum,
1179 1335 1446 1383 miserorum
1470 1336 1655 1383 illorum
1680 1336 1730 1383 in
1757 1352 1923 1382 novam

459 1433 739 1494 Reipublicae
786 1433 981 1480 formam
1024 1433 1217 1479 insidias
1259 1438 1340 1479 aut
1381 1432 1589 1479 facinora
1627 1449 1751 1479 nunc
1789 1440 1924 1480 cauto

465 1530 648 1576 silentio
683 1530 863 1587 obruit3
906 1545 1029 1576 nunc
1065 1530 1229 1588 obiter,
1263 1529 1443 1575 invidia
1475 1529 1523 1575 in
1558 1529 1791 1576 Tiberium
1826 1529 1927 1590 jam

463 1631 704 1684 commota,
738 1625 856 1686 jacit
866 1641 879 1684 3
910 1625 1161 1686 aliquando
1195 1625 1259 1671 sic
1284 1626 1523 1671 enumerat
1557 1629 1612 1671 ut
1637 1626 1694 1671 ab
1727 1625 1929 1672 inimicis

466 1729 602 1769 aucta
627 1723 702 1769 vel
731 1722 837 1768 ficta
862 1721 1111 1768 videantur
1140 1737 1150 1767 :
1181 1721 1245 1767 sic
1278 1736 1304 1766 a
1341 1721 1452 1790 Silio
1481 1702 1710 1782 expilatas
1743 1721 1927 1782 quidem

466 1818 727 1880 provincias
749 1817 943 1875 indicat,
968 1816 1045 1863 sed
1063 1796 1252 1877 raptim,
1278 1816 1412 1877 quasi
1430 1815 1754 1877 negligendum
1768 1815 1931 1863 fuisset

465 1914 559 1960 tale
585 1913 747 1970 scelus,
777 1927 1025 1973 rursusque
1049 1911 1100 1957 in
1132 1915 1417 1957 accusatores
1440 1915 1587 1957 totum
1625 1911 1717 1957 odii
1752 1911 1931 1973 pondus

467 2008 736 2071 congerit⁶;
767 2008 848 2066 sic,
878 2007 1105 2066 Geminio,
1135 2007 1266 2054 Celso
1288 2008 1593 2069 Pompeioque
1617 2008 1806 2066 necatis,
1836 2009 1933 2055 haec

471 2107 630 2154 addit:
659 2124 680 2151 c<
709 2105 966 2159 Geminius,
995 2104 1286 2166 prodigentia
1319 2120 1455 2166 opum
1493 2120 1544 2150 ac
1569 2105 1768 2151 mollitia
1804 2105 1928 2164 vitae,

474 2222 496 2248 α
526 2203 644 2250 nihil
671 2203 727 2249 ad
761 2200 961 2248 serium⁷
994 2218 1036 2258 n,
1070 2200 1285 2246 videlicet
1318 2199 1513 2247 Othonis
1548 2201 1642 2262 ipse
1667 2201 1737 2248 sui
1762 2202 1933 2248 oblitus

470 2316 621 2363 quem,
651 2298 853 2345 moribus
886 2296 1216 2354 effeminatum,
1254 2295 1331 2341 sed
1366 2296 1491 2342 virili
1523 2297 1718 2343 audacia
1750 2312 1932 2358 promp-
1993 2281 1995 2283 ¹

470 2405 587 2456 tum,
610 2397 855 2457 libertique
881 2394 1080 2456 segniter
1102 2394 1290 2440 humero
1310 2394 1582 2440 innitentem
1612 2394 1684 2440 vel
1709 2410 1850 2455 quum
1877 2394 1933 2440 ad

470 2491 828 2555 expugnandum
867 2490 1115 2552 Imperium
1150 2494 1375 2551 pergeret,
1406 2490 1522 2535 mira
1556 2506 1657 2536 cum
1686 2491 1933 2551 sagacitate

467 2590 563 2650 jam
590 2589 863 2649 depinxerat
881 2588 916 2631 ⁸.

528 2728 536 2747 '
560 2729 656 2765 Ann.
680 2725 743 2773 lv,
763 2723 828 2763 60.
1295 2724 1308 2744 ⁵
1330 2724 1427 2762 Anu.
1450 2721 1514 2769 lV,
1532 2733 1599 2772 7o;
1622 2721 1687 2770 Vl,
1707 2719 1770 2771 4ο,
1792 2724 1865 2759 etc.

527 2796 541 2817 2
562 2796 626 2834 30,
1295 2792 1309 2812 ⁸
1332 2791 1396 2839 iv,
1421 2803 1480 2842 19.

527 2867 541 2888 ³
565 2866 710 2914 1v,‹38.
1299 2863 1310 2880 ⁷
1334 2862 1397 2907 vl,
1424 2860 1482 2910 πῖ.

530 2937 543 2958 ⁴
565 2938 629 2986 Vl,
654 2936 711 2976 18.
1300 2934 1312 2951 ⁸
1335 2932 1432 2971 nist..
1454 2932 1480 2978 l,
1502 2945 1565 2978 22,
1587 2942 1649 2981 27.
