2118 3308
478 290 501 317 2
1084 288 1139 320 mc.
1173 288 1334 320 'thrrn

472 369 749 414 exercitibus
786 384 866 428 per
896 369 1127 426 victorias,
1169 369 1359 415 Senatui
1395 370 1450 414 ob
1479 383 1675 415 amorem
1714 368 1928 423 militum,

477 464 645 525 Populo
691 479 770 525 per
809 463 1082 510 facilitatem
1127 464 1337 526 imperii,
1382 465 1560 511 cunctis
1603 464 1800 526 denique
1839 469 1935 511 tam

471 560 795 607 diuturnarum
839 559 1185 606 contentionum
1240 559 1342 605 odio
1388 560 1758 622 renascentisque
1810 574 1938 606 secu-

471 656 624 702 ritatis
672 656 915 703 dulcedine
958 655 1322 714 commendatus,
1380 661 1597 703 naturam
1640 657 1768 718 sequi
1807 671 1937 703 suam

471 757 701 814 potuerat,
729 752 1048 814 Principatum
1081 754 1294 799 omnibus
1328 759 1563 814 acceptum
1587 753 1939 815 libertatemque

464 849 564 909 jam
607 864 699 895 non
735 853 1051 895 contumacem
1091 827 1321 895 miscendo
1361 863 1371 894 :
1406 849 1549 909 igitur
1588 864 1733 908 arma,
1770 849 1939 910 quibus

470 945 702 991 Caesarum
736 945 887 991 hostes
920 944 1029 990 olim
1062 944 1213 990 territi
1247 944 1539 1005 oppressique
1573 945 1775 1003 fuerant,
1813 945 1939 991 dela-

467 1047 588 1086 tores
627 1041 802 1088 scilicet
836 1042 1024 1103 Lexque
1050 1040 1326 1102 MajestatiS,
1355 1040 1552 1087 infracta
1572 1040 1616 1099 ¹3
1653 1042 1790 1087 rebus
1816 1040 1938 1087 domi

468 1139 748 1200 compositis,
791 1138 1108 1200 redintegrata
1153 1138 1199 1184 in
1241 1138 1549 1184 Romanorum
1587 1137 1753 1184 animis
1786 1136 1939 1184 laudis

468 1235 643 1282 bellicae
663 1234 852 1295 gaudia,
876 1234 1020 1281 ferme
1040 1239 1210 1295 negata
1226 1239 1297 1280 tot
1310 1233 1602 1294 Principibus
1621 1248 1734 1294 quos
1757 1233 1940 1280 interna

467 1332 674 1393 pericula
729 1330 876 1392 magis
928 1331 975 1376 in
1032 1334 1156 1376 arcto
1208 1330 1434 1391 imperare
1483 1327 1789 1390 coegerant²3
1848 1329 1939 1375 imo

469 1426 720 1474 instaurati
767 1425 1049 1487 Reipublicae
1082 1423 1182 1486 jam
1216 1413 1306 1472 non
1348 1424 1698 1487 pertimescendi
1733 1440 1843 1472 usus
1889 1440 1942 1471 ac

470 1539 618 1572 mores
635 1523 654 1554 ⁵
667 1540 682 1583 3
724 1523 822 1585 ipse
858 1522 964 1584 Traj
973 1538 1110 1582 anus,
1160 1523 1427 1570 consulatus
1461 1523 1646 1585 petitor,
1689 1523 1784 1569 suis
1821 1523 1938 1570 inte-

469 1636 590 1668 resse
614 1621 831 1678 comitiis,
854 1625 1004 1666 rostra
1021 1619 1337 1677 conscendere,
1360 1617 1663 1679 jurejurando
1683 1634 1730 1665 se
1748 1619 1941 1666 obstrin-

470 1733 575 1779 gere
589 1733 603 1776 ;
644 1717 702 1764 ad
728 1717 919 1764 Curiam
944 1716 1042 1763 sine
1073 1720 1317 1777 apparatu,
1359 1715 1540 1762 nemine
1566 1715 1791 1774 submoto,
1835 1731 1940 1776 pro-

467 1814 627 1875 gredi3
667 1819 899 1860 senatores
929 1813 987 1859 ad
1025 1812 1289 1859 libertatem
1314 1811 1436 1858 ultro
1468 1811 1720 1869 exhortari,
1768 1810 1939 1857 civium

467 1910 666 1972 denique
691 1909 898 1956 omnium
922 1908 1219 1956 insectationi
1244 1908 1484 1955 defunctos
1500 1907 1737 1969 Principes
1754 1907 1938 1968 permit-

466 2014 579 2066 tere,
633 2008 689 2053 ob
730 2012 989 2068 temporum
1033 2004 1390 2067 discrepantiam
1434 2004 1507 2050 sui
1548 2019 1748 2050 securus.
1798 2003 1937 2060 Quali

466 2103 723 2165 gratiarum
773 2106 996 2148 concentu
1048 2101 1246 2162 populus
1296 2100 1413 2147 talia
1454 2100 1752 2159 salutaverit,
1797 2115 1935 2161 quam

469 2199 690 2247 destricta
727 2199 856 2245 rabie
892 2199 942 2244 in
968 2213 1125 2244 eorum
1161 2213 1319 2244 manes
1354 2212 1550 2258 quorum
1581 2196 1807 2244 saevitiam
1838 2202 1938 2243 erat

465 2311 717 2358 perpessus,
765 2294 1039 2352 desaevierit,
1084 2294 1216 2340 testis
1250 2293 1334 2339 illa
1367 2293 1510 2340 Plinii
1546 2293 1746 2340 consulis
1788 2284 1962 2340 oratio>

465 2408 545 2454 per
570 2393 780 2449 biduum,
825 2407 907 2439 nec
941 2391 1039 2437 sine
1079 2405 1254 2436 summo
1293 2389 1433 2437 Urbis
1470 2395 1516 2436 et
1553 2390 1703 2436 Italiae
1729 2405 1931 2449 assensu,

465 2490 629 2551 spretis
653 2490 842 2550 insuper
866 2488 1124 2535 faedissimis
1148 2487 1389 2546 imbribuS,
1419 2486 1866 2533 constanteraudita
1889 2492 1936 2533 et

465 2586 759 2646 comprobata
785 2585 1077 2630 vehementer
1094 2582 1142 2639 ⁴;
1188 2588 1354 2628 cuncta
1389 2582 1563 2630 scilicet
1594 2582 1781 2643 Trajani
1809 2588 1928 2641 acta,

520 2787 525 2804 ¹
550 2786 740 2837 panegyr.
763 2784 935 2836 Traiani,
963 2783 1009 2833 31
1036 2787 1074 2822 et
1096 2783 1159 2822 35.
1287 2784 1300 2803 ³
1323 2785 1512 2836 l‘ancgyr.
1530 2781 1926 2835 'l'rajani‚61,(‘r›.‚63.

520 2855 533 2874 ²
552 2853 652 2892 Ibe'd.
683 2869 739 2899 ιι,
768 2868 824 2895 1‘1..
851 2854 912 2890 13.
1289 2853 1300 2872 ⁴
1325 2853 1435 2891 Plinii
1458 2853 1581 2904 Epist.
1604 2853 1665 2893 Ill.
1694 2855 1750 2892 13.
