2118 3308
468 253 521 303 τεῇ
1064 265 1119 295 1)ss
1153 263 1313 295 TAC1T0

465 345 676 391 duxisse:
710 345 840 391 illuni
867 346 988 391 enini
1014 346 1059 392 in
1088 346 1263 392 crebris
1301 346 1505 406 epistolis
1535 362 1622 392 non
1649 347 1780 392 modo
1809 364 1830 389 «
1850 345 1927 404 ju·

464 440 794 488 cundissimum
819 447 865 487 et
890 441 1157 489 fidissimum
1181 423 1231 498 »ζ
1251 441 1330 487 sed
1357 440 1496 494 etiam
1519 459 1541 485 «
1563 441 1750 488 unicum
1771 441 1930 502 populi

466 536 726 599 praesidium
755 554 777 579 »
820 542 970 594 vocat,
1004 552 1199 598 eumque
1239 555 1261 581 «
1291 553 1318 583 a
1342 553 1388 583 se
1423 537 1635 599 adoptari
1665 538 1931 599 reipublicae

465 648 603 679 causa
631 650 653 676 >›
688 631 887 692 juravit.
925 633 1118 680 Minime
1160 634 1361 694 profecto
1386 634 1621 695 asperiore
1657 640 1703 681 et
1740 636 1931 682 obscura

467 728 636 777 Tiberii
656 728 809 775 indole
827 729 1047 776 delectari
1072 734 1252 791 poterat
1275 729 1486 791 princeps
1517 731 1651 792 longe
1676 730 1927 788 dissimilis,

467 826 546 887 qui
571 825 725 887 lepida
750 826 966 874 comitate
1001 827 1213 873 fallacias
1250 832 1297 874 et
1321 826 1569 887 aliquando
1611 827 1932 875 crudelitatem

468 923 681 970 obvelare
699 921 859 968 doctus
884 927 1000 970 esset
1021 938 1034 980 3
1061 923 1205 984 igitur
1233 923 1330 969 sola
1354 923 1559 969 omnium
1594 923 1934 970 existimatione

470 1019 594 1066 vinci
618 1019 769 1080 potuit
791 1024 845 1065 ut
867 1022 971 1065 euin
997 1019 1086 1065 sibi
1113 1019 1383 1069 adscisceret
1407 1035 1724 1067 successorem.
1755 1020 1865 1077 Nec,
1896 1019 1934 1066 si

469 1133 540 1164 res
566 1116 700 1166 aliter
741 1132 787 1163 se
811 1116 1063 1174 habuisset,
1110 1115 1314 1164 Velleius
1336 1116 1624 1174 PaterculuS,
1670 1131 1934 1178 quanquam

472 1212 608 1259 nimis
627 1212 795 1260 effusus
813 1212 1003 1270 Tiberii,
1030 1212 1159 1260 ducis
1175 1212 1285 1258 olim
1304 1212 1392 1270 sui,
1423 1212 1653 1271 laudator,
1678 1212 1937 1260 exclamare

472 1309 764 1356 sustinuisset
785 1325 794 1355 :
822 1327 844 1354 (ι
864 1310 994 1358 Tum
1018 1309 1201 1356 refulsit
1229 1315 1356 1356 certa
1380 1325 1480 1371 spes
1504 1309 1754 1357 liberorum
1778 1324 1940 1370 paren-

475 1406 614 1465 tibus,
641 1406 839 1453 dominis
863 1406 1148 1468 patrimonii,
1176 1408 1387 1453 omnibus
1412 1406 1606 1454 salutis¹
1634 1425 1677 1452 1).
1711 1405 1939 1453 Caeterum

474 1503 740 1550 electionem
759 1503 890 1550 illam
917 1503 976 1549 ad
1001 1503 1215 1550 uxorium
1232 1504 1456 1550 ambitum
1481 1503 1766 1550 referendam
1790 1501 1939 1548 haud·

477 1617 709 1663 quaquam
743 1605 877 1662 putet
893 1638 907 1658 ,
952 1601 1161 1662 quisquis
1197 1602 1464 1666 *meminerit
1499 1600 1698 1661 Augusti
1741 1605 1940 1647 mentem

477 1714 619 1759 usque
641 1698 846 1744 validam
865 1698 996 1745 aetati
1018 1698 1239 1745 restitisse
1262 1714 1273 1744 z
1295 1698 1558 1759 reipublicae
1576 1698 1759 1745 demum
1781 1712 1938 1754 causa,

474 1800 528 1840 ut
565 1795 660 1856 ipse
700 1794 782 1852 ait,
824 1795 1061 1854 Augustus
1099 1809 1202 1840 eum
1244 1794 1384 1855 elegit
1422 1810 1574 1856 quem,
1612 1798 1681 1839 tot
1715 1793 1941 1840 bellorum

474 1907 699 1947 succeSSU,
735 1895 805 1936 tot
840 1906 991 1937 rerum
1031 1890 1447 1948 administratione,
1482 1906 1535 1936 ac
1569 1890 1681 1938 satis
1720 1889 1943 1936 diuturna

478 1989 687 2034 laborum
701 1988 916 2034 societate
931 1992 1202 2048 spectatum,
1218 1986 1395 2034 invitus
1406 1987 1598 2034 fortasse
1614 1987 1939 2033 venerabatur.

544 2085 694 2146 Igitur
716 2083 959 2145 imperium
985 2099 1078 2129 non
1103 2082 1232 2129 vitiis
1252 2087 1334 2129 aut
1358 2082 1467 2139 suis,
1499 2087 1581 2128 aut
1604 2081 1820 2143 Augusti,
1864 2082 1942 2128 sed

482 2180 746 2228 clarissimis
763 2180 810 2227 in
823 2180 1022 2241 patriam
1034 2179 1209 2226 meritis
1222 2179 1446 2226 debuerat
1457 2178 1667 2226 Tiberius
1675 2193 1688 2235 3
1710 2194 1944 2239 quumque

478 2279 576 2339 jam
591 2279 806 2340 quintum
835 2283 881 2324 et
909 2276 1340 2338 quinquagesimum
1361 2276 1511 2322 aetatis
1532 2291 1705 2322 annum
1724 2274 1946 2336 explevis-

482 2379 566 2432 set,
595 2373 677 2420 diu
711 2374 864 2421 laudis
899 2378 946 2420 et
970 2388 1194 2435 prosperae
1220 2373 1342 2434 apud
1376 2372 1613 2433 publicum
1637 2371 1771 2418 famae
1794 2371 1948 2418 illece-

483 2473 590 2519 bras
610 2476 827 2530 senserat,
852 2485 968 2531 quas
994 2485 1124 2517 nemo
1159 2483 1381 2530 unquam,
1403 2473 1458 2514 ut
1481 2468 1666 2530 quidem
1690 2484 1807 2526 reor,
1847 2483 1948 2530 gra-

485 2569 602 2615 tuito
630 2571 866 2614 aversatus
891 2572 973 2613 est.

551 2717 645 2761 lino
674 2714 794 2775 apud
819 2729 920 2761 cum
941 2713 1202 2760 enituerunt
1227 2730 1311 2759 non
1340 2712 1655 2759 11111111111111111111
1679 2713 1748 2759 vis
1782 2712 1946 2759 bellica

545 2886 549 2903 ¹
578 2885 673 2924 ven.
701 2885 848 2923 Patere.
885 2883 980 2922 nist.
1009 2883 1115 2921 nom.
1145 2882 1189 2929 ΙΙ,
1220 2882 1303 2920 103.
