2118 3308
765 298 902 332 cch
938 298 1171 332 TissERmM
1385 345 1388 349 Ι
1693 301 1716 346 7

280 382 377 430 Nec
405 398 512 429 vero
539 382 730 443 publica
756 387 944 429 tantum
971 382 1251 444 privataque
1285 382 1587 444 prosperitas,
1642 381 1720 427 sed

216 498 324 529 mox
348 481 526 544 proprii
551 481 707 528 luctus
731 486 989 543 potuerunt
1013 480 1166 532 Taciti
1199 480 1444 527 fastidium
1482 480 1533 526 in
1560 480 1719 527 saeculi

198 581 289 636 ‚sui
320 580 565 642 ignaviam
614 580 896 627 accendere:
948 580 1030 627 vix
1055 579 1182 627 enim
1219 579 1498 641 Vespasiani
1533 578 1721 641 Titique

216 678 402 725 liberali
428 678 584 724 animo
620 683 856 738 recreatus
881 678 1008 736 erat,
1057 693 1220 740 quum,
1262 677 1381 726 Urbi
1421 678 1721 724 incumbente

215 777 348 834 calvo
390 775 595 824 Nerone¹
622 815 634 834 ,
676 777 1027 839 interceptoque
1067 792 1220 824 socero
1266 792 1348 823 suo
1376 815 1388 835 ,
1438 775 1719 838 peritissimo

214 874 330 922 duce
355 879 403 922 et
425 876 599 937 optimo
627 876 745 933 viro,
795 875 1033 937 Agricola,
1080 875 1271 922 Tacitus
1302 874 1584 937 experiendo
1610 875 1721 921 doc-

213 977 290 1020 tus
315 978 386 1020 est
410 989 644 1037 quaenam,
674 990 757 1036 per
780 974 1021 1036 superiora
1046 979 1276 1036 tempora,
1307 974 1433 1021 cives
1451 973 1552 1034 jam
1582 974 1721 1020 annis

214 1072 389 1119 maturi
411 1073 769 1135 perpetiendum
792 1073 1086 1120 habuissent.

276 1171 443 1218 Nonne
461 1171 526 1218 sic
553 1176 694 1218 natus
721 1171 1057 1233 educatusque,
1111 1176 1159 1218 et
1185 1186 1267 1233 per
1292 1171 1412 1217 tales
1438 1186 1595 1218 rerum
1620 1187 1718 1217 mu-

213 1270 415 1318 tationes
452 1271 527 1318 vir
567 1271 828 1330 traductus,
859 1275 1075 1318 veterum
1102 1270 1347 1318 Nobilium
1375 1270 1568 1332 spiritus
1593 1270 1644 1317 in
1671 1285 1719 1317 se

214 1370 423 1418 refovere
447 1387 590 1434 prope
618 1371 875 1418 necessario
901 1371 1105 1418 debuit?
1142 1370 1340 1418 Minime
1364 1371 1513 1433 igitur
1538 1371 1719 1435 miran7

214 1469 325 1516 dum
362 1470 568 1532 plurima
602 1470 653 1516 in
696 1470 826 1517 illius
870 1469 1088 1532 operibus
1132 1469 1325 1532 reperiri
1371 1486 1474 1532 quae
1520 1470 1715 1517 multam

213 1583 324 1630 erga
348 1568 576 1615 Patricios
616 1568 1000 1627 sollicitudinem,
1048 1568 1256 1614 multum
1281 1568 1331 1614 in
1359 1568 1517 1615 Plebis
1541 1584 1716 1631 propu—

214 1672 431 1730 gnatores
454 1666 612 1713 odium
639 1666 896 1713 declarent.
942 1665 1131 1727 Ubique
1152 1665 1343 1713 Tacitus
1368 1666 1577 1714 illustres
1603 1682 1716 1729 gen-

212 1770 300 1821 tes,
342 1780 542 1827 quarum
581 1780 607 1810 a
645 1763 902 1825 majoribus
938 1764 1244 1810 constitutam
1286 1764 1478 1826 Imperii
1522 1766 1619 1812 vim
1664 1781 1718 1812 ac

214 1863 495 1924 dignitatem
537 1863 734 1925 legerat,
785 1867 981 1909 vexatas
1019 1862 1270 1908 miseratur
1307 1867 1391 1908 aut
1415 1863 1711 1925 indignatur,

215 1966 375 2010 moeret
417 1962 690 2020 exstinctas,
737 1962 1027 2008 denubentes
1071 1961 1121 2007 in
1160 1961 1445 2032 modicorum
1490 1962 1715 2025 Equitum

215 2063 373 2109 domos
397 2065 643 2124 gravatur.
690 2061 750 2107 Et
777 2060 916 2107 avitae
960 2060 1202 2123 religionis
1227 2061 1364 2119 ritus,
1404 2061 1710 2120 caerimonias,

213 2162 402 2209 fabulas
425 2161 569 2209 etiam
597 2176 651 2207 ac
672 2160 1028 2222 superstitiones
1059 2141 1142 2223 pro
1169 2161 1371 2223 quodam
1398 2161 1531 2208 cultu
1557 2177 1714 2224 prose-

214 2261 410 2323 quitur:
438 2259 514 2307 his
557 2259 681 2306 enim
726 2259 1050 2306 fundamentis
1095 2260 1278 2307 stetisse
1318 2276 1413 2307 rem
1456 2261 1714 2308 Romanam

216 2363 485 2421 acceperat3
532 2374 635 2420 quae
657 2357 707 2404 in
739 2357 837 2404 dies
882 2357 1160 2404 labefactari
1191 2358 1479 2420 intelligens,
1509 2359 1630 2406 nihil
1662 2361 1712 2407 in

215 2457 429 2504 futurum
456 2457 547 2503 nisi
571 2457 762 2518 Imperii
798 2457 986 2503 ruinam
1011 2462 1057 2504 et
1082 2474 1264 2505 morum
1290 2459 1601 2520 perditionem
1629 2476 1712 2507 au-

215 2555 357 2602 debat
381 2555 621 2617 augurari.
666 2556 915 2601 Armorum
942 2571 1125 2618 quoque
1163 2556 1368 2615 laudem,
1416 2558 1710 2619 splendidum

217 2651 329 2698 olim
354 2652 564 2714 patriciae
592 2651 888 2698 auctoritatis
915 2652 1277 2699 instrumentum
1306 2669 1359 2700 ac
1381 2671 1708 2718 propugnacu-

217 2750 331 2808 lum,
356 2750 406 2796 in
435 2750 600 2812 primis
625 2749 849 2796 extollere
876 2749 992 2795 solet
1008 2747 1027 2778 ²
1049 2765 1061 2807 3
1094 2755 1311 2798 caeterum
1332 2754 1599 2814 provincias
1626 2772 1709 2817 pa-

277 2971 283 2990 ¹
308 2970 504 3011 Juvenalis
526 2969 608 3008 Sat.
632 2971 695 3009 lv.
1056 2971 1068 2989 ²
1094 2974 1189 3010 Anu.
1215 2971 1279 3020 IV,
1302 2973 1364 3011 32.
